
@ARTICLE{Johnson2020,
       author = {{Johnson}, Benjamin D. and {Conroy}, Charlie and {Naidu}, Rohan P. and {Bonaca}, Ana and {Zaritsky}, Dennis and {Ting}, Yuan-Sen and {Cargile}, Phillip A. and {Han}, Jiwon Jesse and {Speagle}, Joshua S.},
        title = "{A Diffuse Metal-poor Component of the Sagittarius Stream Revealed by the H3 Survey}",
      journal = {\apj},
     keywords = {Milky Way, Dwarf galaxies, Tidal disruption, Sagittarius dwarf spheroidal galaxy, 1054, 416, 1696, 1423, Astrophysics - Astrophysics of Galaxies},
         year = 2020,
        month = sep,
       volume = {900},
       number = {2},
          eid = {103},
        pages = {103},
          doi = {10.3847/1538-4357/abab08},
archivePrefix = {arXiv},
       eprint = {2007.14408},
 primaryClass = {astro-ph.GA},
       adsurl = {https://ui.adsabs.harvard.edu/abs/2020ApJ...900..103J},
      adsnote = {Provided by the SAO/NASA Astrophysics Data System}
}



@article{astropy,
	Adsnote = {Provided by the SAO/NASA Astrophysics Data System},
	Adsurl = {http://adsabs.harvard.edu/abs/2013A%26A...558A..33A},
	Archiveprefix = {arXiv},
	Author = {{Astropy Collaboration} and {Robitaille}, T.~P. and {Tollerud}, E.~J. and {Greenfield}, P. and {Droettboom}, M. and {Bray}, E. and {Aldcroft}, T. and {Davis}, M. and {Ginsburg}, A. and {Price-Whelan}, A.~M. and {Kerzendorf}, W.~E. and {Conley}, A. and {Crighton}, N. and {Barbary}, K. and {Muna}, D. and {Ferguson}, H. and {Grollier}, F. and {Parikh}, M.~M. and {Nair}, P.~H. and {Unther}, H.~M. and {Deil}, C. and {Woillez}, J. and {Conseil}, S. and {Kramer}, R. and {Turner}, J.~E.~H. and {Singer}, L. and {Fox}, R. and {Weaver}, B.~A. and {Zabalza}, V. and {Edwards}, Z.~I. and {Azalee Bostroem}, K. and {Burke}, D.~J. and {Casey}, A.~R. and {Crawford}, S.~M. and {Dencheva}, N. and {Ely}, J. and {Jenness}, T. and {Labrie}, K. and {Lim}, P.~L. and {Pierfederici}, F. and {Pontzen}, A. and {Ptak}, A. and {Refsdal}, B. and {Servillat}, M. and {Streicher}, O.},
	Doi = {10.1051/0004-6361/201322068},
	Eid = {A33},
	Eprint = {1307.6212},
	Journal = {\aap},
	Keywords = {methods: data analysis, methods: miscellaneous, virtual observatory tools},
	Month = oct,
	Pages = {A33},
	Primaryclass = {astro-ph.IM},
	Title = {{Astropy: A community Python package for astronomy}},
	Volume = 558,
	Year = 2013,
	Bdsk-Url-1 = {https://dx.doi.org/10.1051/0004-6361/201322068}}

@article{mpl,
	Adsnote = {Provided by the SAO/NASA Astrophysics Data System},
	Adsurl = {http://adsabs.harvard.edu/abs/2007CSE.....9...90H},
	Author = {{Hunter}, J.~D.},
	Doi = {10.1109/MCSE.2007.55},
	Journal = {Computing in Science and Engineering},
	Keywords = {Python, Scripting languages, Application development, Scientific programming},
	Month = may,
	Pages = {90-95},
	Title = {{Matplotlib: A 2D Graphics Environment}},
	Volume = 9,
	Year = 2007,
	Bdsk-Url-1 = {https://dx.doi.org/10.1109/MCSE.2007.55}}

@article{numpy,
	Acmid = {1957466},
	Address = {Piscataway, NJ, USA},
	Author = {Walt, Stefan van der and Colbert, S. Chris and Varoquaux, Gael},
	Doi = {10.1109/MCSE.2011.37},
	Issn = {1521-9615},
	Issue_Date = {March 2011},
	Journal = {Computing in Science and Engg.},
	Keywords = {NumPy, Python, Python, NumPy, scientific programming, numerical computations, programming libraries, numerical computations, programming libraries, scientific programming},
	Month = mar,
	Number = {2},
	Numpages = {9},
	Pages = {22--30},
	Publisher = {IEEE Educational Activities Department},
	Title = {The NumPy Array: A Structure for Efficient Numerical Computation},
	Url = {http://dx.doi.org/10.1109/MCSE.2011.37},
	Volume = {13},
	Year = {2011},
	Bdsk-Url-1 = {http://dx.doi.org/10.1109/MCSE.2011.37}}

@misc{scipy,
	Author = {Eric Jones and Travis Oliphant and Pearu Peterson and others},
	Title = {{SciPy}: Open source scientific tools for {Python}},
	Url = {http://www.scipy.org/},
	Year = {2001--},
	Bdsk-Url-1 = {http://www.scipy.org/}}

@article{gala,
	Adsnote = {Provided by the SAO/NASA Astrophysics Data System},
	Adsurl = {http://adsabs.harvard.edu/abs/2017JOSS....2..388P},
	Author = {{Price-Whelan}, A.~M.},
	Doi = {10.21105/joss.00388},
	Eid = {388},
	Journal = {The Journal of Open Source Software},
	Keywords = {galactic dynamics, python, stellar kinematics},
	Month = oct,
	Pages = {388},
	Title = {{Gala: A Python package for galactic dynamics}},
	Volume = 2,
	Year = 2017,
	Bdsk-Url-1 = {https://dx.doi.org/10.21105/joss.00388}}

@article{ipython,
	Author = {P\'erez, Fernando and Granger, Brian E.},
	Date-Added = {2017-08-04 07:38:09 +0000},
	Date-Modified = {2017-08-04 07:38:09 +0000},
	Doi = {10.1109/MCSE.2007.53},
	Issn = {1521-9615},
	Journal = {Computing in Science and Engineering},
	Month = may,
	Number = {3},
	Pages = {21--29},
	Publisher = {IEEE Computer Society},
	Title = {{IP}ython: a System for Interactive Scientific Computing},
	Url = {http://ipython.org},
	Volume = {9},
	Year = 2007,
	Bdsk-Url-1 = {http://ipython.org},
	Bdsk-Url-2 = {http://dx.doi.org/10.1109/MCSE.2007.53}}

@article{astropy:2018,
       author = {{Price-Whelan}, A.~M. and {Sip{\'{o}}cz}, B.~M. and {G{\"u}nther}, H.~M.
        and {Lim}, P.~L. and {Crawford}, S.~M. and {Conseil}, S. and
        {Shupe}, D.~L. and {Craig}, M.~W. and {Dencheva}, N. and
        {Ginsburg}, A. and {VanderPlas}, J.~T. and {Bradley}, L.~D. and
        {P{\'e}rez-Su{\'a}rez}, D. and {de Val-Borro}, M. and {Paper
        Contributors}, (Primary and {Aldcroft}, T.~L. and {Cruz}, K.~L.
        and {Robitaille}, T.~P. and {Tollerud}, E.~J. and {Coordination
        Committee}, (Astropy and {Ardelean}, C. and {Babej}, T. and
        {Bach}, Y.~P. and {Bachetti}, M. and {Bakanov}, A.~V. and
        {Bamford}, S.~P. and {Barentsen}, G. and {Barmby}, P. and
        {Baumbach}, A. and {Berry}, K.~L. and {Biscani}, F. and
        {Boquien}, M. and {Bostroem}, K.~A. and {Bouma}, L.~G. and
        {Brammer}, G.~B. and {Bray}, E.~M. and {Breytenbach}, H. and
        {Buddelmeijer}, H. and {Burke}, D.~J. and {Calderone}, G. and
        {Cano Rodr{\'\i}guez}, J.~L. and {Cara}, M. and {Cardoso},
        J.~V.~M. and {Cheedella}, S. and {Copin}, Y. and {Corrales}, L.
        and {Crichton}, D. and {D{\textquoteright}Avella}, D. and
        {Deil}, C. and {Depagne}, {\'E}. and {Dietrich}, J.~P. and
        {Donath}, A. and {Droettboom}, M. and {Earl}, N. and {Erben}, T.
        and {Fabbro}, S. and {Ferreira}, L.~A. and {Finethy}, T. and
        {Fox}, R.~T. and {Garrison}, L.~H. and {Gibbons}, S.~L.~J. and
        {Goldstein}, D.~A. and {Gommers}, R. and {Greco}, J.~P. and
        {Greenfield}, P. and {Groener}, A.~M. and {Grollier}, F. and
        {Hagen}, A. and {Hirst}, P. and {Homeier}, D. and {Horton},
        A.~J. and {Hosseinzadeh}, G. and {Hu}, L. and {Hunkeler}, J.~S.
        and {Ivezi{\'c}}, {\v{Z}}. and {Jain}, A. and {Jenness}, T. and
        {Kanarek}, G. and {Kendrew}, S. and {Kern}, N.~S. and
        {Kerzendorf}, W.~E. and {Khvalko}, A. and {King}, J. and
        {Kirkby}, D. and {Kulkarni}, A.~M. and {Kumar}, A. and {Lee}, A.
        and {Lenz}, D. and {Littlefair}, S.~P. and {Ma}, Z. and
        {Macleod}, D.~M. and {Mastropietro}, M. and {McCully}, C. and
        {Montagnac}, S. and {Morris}, B.~M. and {Mueller}, M. and
        {Mumford}, S.~J. and {Muna}, D. and {Murphy}, N.~A. and
        {Nelson}, S. and {Nguyen}, G.~H. and {Ninan}, J.~P. and
        {N{\"o}the}, M. and {Ogaz}, S. and {Oh}, S. and {Parejko}, J.~K.
        and {Parley}, N. and {Pascual}, S. and {Patil}, R. and {Patil},
        A.~A. and {Plunkett}, A.~L. and {Prochaska}, J.~X. and
        {Rastogi}, T. and {Reddy Janga}, V. and {Sabater}, J. and
        {Sakurikar}, P. and {Seifert}, M. and {Sherbert}, L.~E. and
        {Sherwood-Taylor}, H. and {Shih}, A.~Y. and {Sick}, J. and
        {Silbiger}, M.~T. and {Singanamalla}, S. and {Singer}, L.~P. and
        {Sladen}, P.~H. and {Sooley}, K.~A. and {Sornarajah}, S. and
        {Streicher}, O. and {Teuben}, P. and {Thomas}, S.~W. and
        {Tremblay}, G.~R. and {Turner}, J.~E.~H. and {Terr{\'o}n}, V.
        and {van Kerkwijk}, M.~H. and {de la Vega}, A. and {Watkins},
        L.~L. and {Weaver}, B.~A. and {Whitmore}, J.~B. and {Woillez},
        J. and {Zabalza}, V. and {Contributors}, (Astropy},
        title = "{The Astropy Project: Building an Open-science Project and Status of the
        v2.0 Core Package}",
      journal = {\aj},
     keywords = {methods: data analysis, methods: miscellaneous, methods: statistical,
        reference systems, Astrophysics - Instrumentation and Methods
        for Astrophysics},
         year = 2018,
        month = Sep,
       volume = {156},
          eid = {123},
        pages = {123},
          doi = {10.3847/1538-3881/aabc4f},
 primaryClass = {astro-ph.IM},
       adsurl = {https://ui.adsabs.harvard.edu/#abs/2018AJ....156..123T},
      adsnote = {Provided by the SAO/NASA Astrophysics Data System}
}

@ARTICLE{cargile2019,
       author = {{Cargile}, Phillip A. and {Conroy}, Charlie and {Johnson}, Benjamin D. and
         {Ting}, Yuan-Sen and {Bonaca}, Ana and {Dotter}, Aaron},
        title = "{MINESweeper: Spectrophotometric Modeling of Stars in the Gaia Era}",
      journal = {arXiv e-prints},
     keywords = {Astrophysics - Solar and Stellar Astrophysics, Astrophysics - Astrophysics of Galaxies},
         year = "2019",
        month = "Jul",
          eid = {arXiv:1907.07690},
        pages = {arXiv:1907.07690},
archivePrefix = {arXiv},
       eprint = {1907.07690},
 primaryClass = {astro-ph.SR},
       adsurl = {https://ui.adsabs.harvard.edu/abs/2019arXiv190707690C},
      adsnote = {Provided by the SAO/NASA Astrophysics Data System}
} 

@ARTICLE{szentgyorgyi2011,
       author = {{Szentgyorgyi}, Andrew and {Furesz}, Gabor and {Cheimets}, Peter and
         {Conroy}, Maureen and {Eng}, Roger and {Fabricant}, Daniel and
         {Fata}, Robert and {Gauron}, Thomas and {Geary}, John and
         {McLeod}, Brian and {Zajac}, Joseph and {Amato}, Stephen and
         {Bergner}, Henry and {Caldwell}, Nelson and {Dupree}, Andrea and
         {Goddard}, Richard and {Johnston}, Everett and {Meibom}, Soeren and
         {Mink}, Douglas and {Pieri}, Mario and {Roll}, John and
         {Tokarz}, Susan and {Wyatt}, William and {Epps}, Harland and
         {Hartmann}, Lee and {Meszaros}, Szabolcz},
        title = "{Hectochelle: A Multiobject Optical Echelle Spectrograph for the MMT}",
      journal = {\pasp},
         year = "2011",
        month = "Oct",
       volume = {123},
       number = {908},
        pages = {1188},
          doi = {10.1086/662209},
       adsurl = {https://ui.adsabs.harvard.edu/abs/2011PASP..123.1188S},
      adsnote = {Provided by the SAO/NASA Astrophysics Data System}
}

@ARTICLE{pwb,
       author = {{Price-Whelan}, Adrian M. and {Bonaca}, Ana},
        title = "{Off the Beaten Path: Gaia Reveals GD-1 Stars outside of the Main Stream}",
      journal = {\apj},
     keywords = {dark matter, Galaxy: halo, Galaxy: kinematics and dynamics, Astrophysics
        - Astrophysics of Galaxies},
         year = 2018,
        month = Aug,
       volume = {863},
          eid = {L20},
        pages = {L20},
          doi = {10.3847/2041-8213/aad7b5},
 primaryClass = {astro-ph.GA},
       adsurl = {https://ui.adsabs.harvard.edu/#abs/2018ApJ...863L..20P},
      adsnote = {Provided by the SAO/NASA Astrophysics Data System}
}

@ARTICLE{gdr2,
   author = {{Gaia Collaboration} and {Brown}, A.~G.~A. and {Vallenari}, A. and
	{Prusti}, T. and {de Bruijne}, J.~H.~J. and {Babusiaux}, C. and
	{Bailer-Jones}, C.~A.~L. and {Biermann}, M. and {Evans}, D.~W. and
	{Eyer}, L. and et al.},
    title = "{Gaia Data Release 2. Summary of the contents and survey properties}",
  journal = {\aap},
archivePrefix = "arXiv",
   eprint = {1804.09365},
 keywords = {catalogs, astrometry, techniques: radial velocities, stars: fundamental parameters, stars: variables: general, minor planets, asteroids: general},
     year = 2018,
    month = aug,
   volume = 616,
      eid = {A1},
    pages = {A1},
      doi = {10.1051/0004-6361/201833051},
   adsurl = {http://adsabs.harvard.edu/abs/2018A%26A...616A...1G},
  adsnote = {Provided by the SAO/NASA Astrophysics Data System}
}

@ARTICLE{ps1,
       author = {{Chambers}, K.~C. and {Magnier}, E.~A. and {Metcalfe}, N. and
         {Flewelling}, H.~A. and {Huber}, M.~E. and {Waters}, C.~Z. and
         {Denneau}, L. and {Draper}, P.~W. and {Farrow}, D. and
         {Finkbeiner}, D.~P. and {Holmberg}, C. and {Koppenhoefer}, J. and
         {Price}, P.~A. and {Rest}, A. and {Saglia}, R.~P. and
         {Schlafly}, E.~F. and {Smartt}, S.~J. and {Sweeney}, W. and
         {Wainscoat}, R.~J. and {Burgett}, W.~S. and {Chastel}, S. and
         {Grav}, T. and {Heasley}, J.~N. and {Hodapp}, K.~W. and {Jedicke}, R. and
         {Kaiser}, N. and {Kudritzki}, R. -P. and {Luppino}, G.~A. and
         {Lupton}, R.~H. and {Monet}, D.~G. and {Morgan}, J.~S. and
         {Onaka}, P.~M. and {Shiao}, B. and {Stubbs}, C.~W. and {Tonry}, J.~L. and
         {White}, R. and {Ba{\~n}ados}, E. and {Bell}, E.~F. and {Bender}, R. and
         {Bernard}, E.~J. and {Boegner}, M. and {Boffi}, F. and
         {Botticella}, M.~T. and {Calamida}, A. and {Casertano}, S. and
         {Chen}, W. -P. and {Chen}, X. and {Cole}, S. and {Deacon}, N. and
         {Frenk}, C. and {Fitzsimmons}, A. and {Gezari}, S. and {Gibbs}, V. and
         {Goessl}, C. and {Goggia}, T. and {Gourgue}, R. and {Goldman}, B. and
         {Grant}, P. and {Grebel}, E.~K. and {Hambly}, N.~C. and {Hasinger}, G. and
         {Heavens}, A.~F. and {Heckman}, T.~M. and {Henderson}, R. and
         {Henning}, T. and {Holman}, M. and {Hopp}, U. and {Ip}, W. -H. and
         {Isani}, S. and {Jackson}, M. and {Keyes}, C.~D. and
         {Koekemoer}, A.~M. and {Kotak}, R. and {Le}, D. and {Liska}, D. and
         {Long}, K.~S. and {Lucey}, J.~R. and {Liu}, M. and {Martin}, N.~F. and
         {Masci}, G. and {McLean}, B. and {Mindel}, E. and {Misra}, P. and
         {Morganson}, E. and {Murphy}, D.~N.~A. and {Obaika}, A. and
         {Narayan}, G. and {Nieto-Santisteban}, M.~A. and {Norberg}, P. and
         {Peacock}, J.~A. and {Pier}, E.~A. and {Postman}, M. and {Primak}, N. and
         {Rae}, C. and {Rai}, A. and {Riess}, A. and {Riffeser}, A. and
         {Rix}, H.~W. and {R{\"o}ser}, S. and {Russel}, R. and {Rutz}, L. and
         {Schilbach}, E. and {Schultz}, A.~S.~B. and {Scolnic}, D. and
         {Strolger}, L. and {Szalay}, A. and {Seitz}, S. and {Small}, E. and
         {Smith}, K.~W. and {Soderblom}, D.~R. and {Taylor}, P. and
         {Thomson}, R. and {Taylor}, A.~N. and {Thakar}, A.~R. and {Thiel}, J. and
         {Thilker}, D. and {Unger}, D. and {Urata}, Y. and {Valenti}, J. and
         {Wagner}, J. and {Walder}, T. and {Walter}, F. and {Watters}, S.~P. and
         {Werner}, S. and {Wood-Vasey}, W.~M. and {Wyse}, R.},
        title = "{The Pan-STARRS1 Surveys}",
      journal = {arXiv e-prints},
     keywords = {Astrophysics - Instrumentation and Methods for Astrophysics, Astrophysics - Earth and Planetary Astrophysics, Astrophysics - Astrophysics of Galaxies, Astrophysics - Solar and Stellar Astrophysics},
         year = "2016",
        month = "Dec",
          eid = {arXiv:1612.05560},
        pages = {arXiv:1612.05560},
archivePrefix = {arXiv},
       eprint = {1612.05560},
 primaryClass = {astro-ph.IM},
       adsurl = {https://ui.adsabs.harvard.edu/abs/2016arXiv161205560C},
      adsnote = {Provided by the SAO/NASA Astrophysics Data System}
}

@ARTICLE{sfd,
       author = {{Schlegel}, David J. and {Finkbeiner}, Douglas P. and {Davis}, Marc},
        title = "{Maps of Dust Infrared Emission for Use in Estimation of Reddening and Cosmic Microwave Background Radiation Foregrounds}",
      journal = {\apj},
     keywords = {COSMOLOGY: DIFFUSE RADIATION, COSMOLOGY: COSMIC MICROWAVE BACKGROUND, ISM: DUST, EXTINCTION, INTERPLANETARY MEDIUM, INFRARED: ISM: CONTINUUM, Cosmology: Cosmic Microwave Background, Cosmology: Diffuse Radiation, ISM: Dust, Extinction, Infrared: ISM: Continuum, Interplanetary Medium, Astrophysics},
         year = "1998",
        month = "Jun",
       volume = {500},
       number = {2},
        pages = {525-553},
          doi = {10.1086/305772},
archivePrefix = {arXiv},
       eprint = {astro-ph/9710327},
 primaryClass = {astro-ph},
       adsurl = {https://ui.adsabs.harvard.edu/abs/1998ApJ...500..525S},
      adsnote = {Provided by the SAO/NASA Astrophysics Data System}
}

@article{koposov2010,
	Adsnote = {Provided by the SAO/NASA Astrophysics Data System},
	Adsurl = {https://ui.adsabs.harvard.edu/#abs/2010ApJ...712..260K},
	Author = {{Koposov}, Sergey E. and {Rix}, Hans-Walter and {Hogg}, David W.},
	Doi = {10.1088/0004-637X/712/1/260},
	Journal = {\apj},
	Keywords = {Galaxy: fundamental parameters, Galaxy: halo, Galaxy: kinematics and dynamics, methods: statistical, stars: kinematics and dynamics, surveys, Astrophysics - Galaxy Astrophysics, Astrophysics - Cosmology and Extragalactic Astrophysics},
	Month = Mar,
	Pages = {260-273},
	Title = {{Constraining the Milky Way Potential with a Six-Dimensional Phase-Space Map of the GD-1 Stellar Stream}},
	Volume = {712},
	Year = 2010,
	Bdsk-Url-1 = {https://dx.doi.org/10.1088/0004-637X/712/1/260}}

@ARTICLE{malhan2019,
       author = {{Malhan}, Khyati and {Ibata}, Rodrigo A.},
        title = "{Constraining the Milky Way halo potential with the GD-1 stellar stream}",
      journal = {\mnras},
     keywords = {stars: kinematics and dynamics, Galaxy: fundamental parameters, Galaxy: halo, Galaxy: structure, dark matter, Astrophysics - Astrophysics of Galaxies},
         year = "2019",
        month = "Jul",
       volume = {486},
       number = {3},
        pages = {2995-3005},
          doi = {10.1093/mnras/stz1035},
archivePrefix = {arXiv},
       eprint = {1807.05994},
 primaryClass = {astro-ph.GA},
       adsurl = {https://ui.adsabs.harvard.edu/abs/2019MNRAS.486.2995M},
      adsnote = {Provided by the SAO/NASA Astrophysics Data System}
}

@ARTICLE{caldwell2017,
       author = {{Caldwell}, Nelson and {Walker}, Matthew G. and {Mateo}, Mario and
         {Olszewski}, Edward W. and {Koposov}, Sergey and {Belokurov}, Vasily and
         {Torrealba}, Gabriel and {Geringer-Sameth}, Alex and
         {Johnson}, Christian I.},
        title = "{Crater 2: An Extremely Cold Dark Matter Halo}",
      journal = {\apj},
     keywords = {galaxies: dwarf, galaxies: individual: Crater 2, galaxies: kinematics and dynamics, Local Group, methods: data analysis, techniques: spectroscopic, Astrophysics - Astrophysics of Galaxies},
         year = "2017",
        month = "Apr",
       volume = {839},
       number = {1},
          eid = {20},
        pages = {20},
          doi = {10.3847/1538-4357/aa688e},
archivePrefix = {arXiv},
       eprint = {1612.06398},
 primaryClass = {astro-ph.GA},
       adsurl = {https://ui.adsabs.harvard.edu/abs/2017ApJ...839...20C},
      adsnote = {Provided by the SAO/NASA Astrophysics Data System}
}

@ARTICLE{choi2016,
       author = {{Choi}, Jieun and {Dotter}, Aaron and {Conroy}, Charlie and
         {Cantiello}, Matteo and {Paxton}, Bill and {Johnson}, Benjamin D.},
        title = "{Mesa Isochrones and Stellar Tracks (MIST). I. Solar-scaled Models}",
      journal = {\apj},
     keywords = {stars: evolution, stars: general, stars: interiors, Astrophysics - Solar and Stellar Astrophysics},
         year = "2016",
        month = "Jun",
       volume = {823},
       number = {2},
          eid = {102},
        pages = {102},
          doi = {10.3847/0004-637X/823/2/102},
archivePrefix = {arXiv},
       eprint = {1604.08592},
 primaryClass = {astro-ph.SR},
       adsurl = {https://ui.adsabs.harvard.edu/abs/2016ApJ...823..102C},
      adsnote = {Provided by the SAO/NASA Astrophysics Data System}
}

@ARTICLE{willman2012,
       author = {{Willman}, B. and {Strader}, J.},
        title = "{``Galaxy,'' Defined}",
      journal = {\aj},
     keywords = {galaxies: dwarf, galaxies: kinematics and dynamics, galaxies: star clusters: general, Astrophysics - Cosmology and Nongalactic Astrophysics, Astrophysics - Astrophysics of Galaxies},
         year = "2012",
        month = "Sep",
       volume = {144},
       number = {3},
          eid = {76},
        pages = {76},
          doi = {10.1088/0004-6256/144/3/76},
archivePrefix = {arXiv},
       eprint = {1203.2608},
 primaryClass = {astro-ph.CO},
       adsurl = {https://ui.adsabs.harvard.edu/abs/2012AJ....144...76W},
      adsnote = {Provided by the SAO/NASA Astrophysics Data System}
}

@ARTICLE{grillmair2006,
       author = {{Grillmair}, C.~J. and {Dionatos}, O.},
        title = "{Detection of a 63{\textdegree} Cold Stellar Stream in the Sloan Digital Sky Survey}",
      journal = {\apjl},
     keywords = {Galaxy: Halo, Galaxy: Structure, Galaxy: Globular Clusters: General, Astrophysics},
         year = "2006",
        month = "May",
       volume = {643},
       number = {1},
        pages = {L17-L20},
          doi = {10.1086/505111},
archivePrefix = {arXiv},
       eprint = {astro-ph/0604332},
 primaryClass = {astro-ph},
       adsurl = {https://ui.adsabs.harvard.edu/abs/2006ApJ...643L..17G},
      adsnote = {Provided by the SAO/NASA Astrophysics Data System}
}

@ARTICLE{bovy2015,
       author = {{Bovy}, Jo},
        title = "{galpy: A python Library for Galactic Dynamics}",
      journal = {\apjs},
     keywords = {galaxies: general, galaxies: kinematics and dynamics, Galaxy: fundamental parameters, Astrophysics - Astrophysics of Galaxies, Astrophysics - Instrumentation and Methods for Astrophysics},
         year = "2015",
        month = "Feb",
       volume = {216},
       number = {2},
          eid = {29},
        pages = {29},
          doi = {10.1088/0067-0049/216/2/29},
archivePrefix = {arXiv},
       eprint = {1412.3451},
 primaryClass = {astro-ph.GA},
       adsurl = {https://ui.adsabs.harvard.edu/abs/2015ApJS..216...29B},
      adsnote = {Provided by the SAO/NASA Astrophysics Data System}
}

@ARTICLE{bowden2015,
       author = {{Bowden}, A. and {Belokurov}, V. and {Evans}, N.~W.},
        title = "{Dipping our toes in the water: first models of GD-1 as a stream}",
      journal = {\mnras},
     keywords = {galaxies: fundamental parameters, galaxies: haloes, galaxies: kinematics and dynamics, Astrophysics - Astrophysics of Galaxies, Astrophysics - Cosmology and Nongalactic Astrophysics},
         year = "2015",
        month = "May",
       volume = {449},
       number = {2},
        pages = {1391-1400},
          doi = {10.1093/mnras/stv285},
archivePrefix = {arXiv},
       eprint = {1502.00484},
 primaryClass = {astro-ph.GA},
       adsurl = {https://ui.adsabs.harvard.edu/abs/2015MNRAS.449.1391B},
      adsnote = {Provided by the SAO/NASA Astrophysics Data System}
}

@ARTICLE{bovy2016,
       author = {{Bovy}, Jo and {Bahmanyar}, Anita and {Fritz}, Tobias K. and
         {Kallivayalil}, Nitya},
        title = "{The Shape of the Inner Milky Way Halo from Observations of the Pal 5 and GD--1 Stellar Streams}",
      journal = {\apj},
     keywords = {dark matter, Galaxy: fundamental parameters, Galaxy: halo, Galaxy: kinematics and dynamics, Galaxy: structure, globular clusters: individual: Palomar 5, Astrophysics - Astrophysics of Galaxies, Astrophysics - Cosmology and Nongalactic Astrophysics},
         year = "2016",
        month = "Dec",
       volume = {833},
       number = {1},
          eid = {31},
        pages = {31},
          doi = {10.3847/1538-4357/833/1/31},
archivePrefix = {arXiv},
       eprint = {1609.01298},
 primaryClass = {astro-ph.GA},
       adsurl = {https://ui.adsabs.harvard.edu/abs/2016ApJ...833...31B},
      adsnote = {Provided by the SAO/NASA Astrophysics Data System}
}

@ARTICLE{bonaca2019a,
       author = {{Bonaca}, Ana and {Hogg}, David W. and {Price-Whelan}, Adrian M. and
         {Conroy}, Charlie},
        title = "{The Spur and the Gap in GD-1: Dynamical Evidence for a Dark Substructure in the Milky Way Halo}",
      journal = {\apj},
     keywords = {cosmology: observations, dark matter, Galaxy: halo, Galaxy: kinematics and dynamics, gravitation, stars: kinematics and dynamics, Astrophysics - Astrophysics of Galaxies, Astrophysics - Cosmology and Nongalactic Astrophysics, High Energy Physics - Phenomenology},
         year = "2019",
        month = "Jul",
       volume = {880},
       number = {1},
          eid = {38},
        pages = {38},
          doi = {10.3847/1538-4357/ab2873},
archivePrefix = {arXiv},
       eprint = {1811.03631},
 primaryClass = {astro-ph.GA},
       adsurl = {https://ui.adsabs.harvard.edu/abs/2019ApJ...880...38B},
      adsnote = {Provided by the SAO/NASA Astrophysics Data System}
}

@ARTICLE{bonaca2019b,
       author = {{Bonaca}, Ana and {Conroy}, Charlie and {Price-Whelan}, Adrian M. and
         {Hogg}, David W.},
        title = "{Multiple Components of the Jhelum Stellar Stream}",
      journal = {\apjl},
     keywords = {Galaxy: halo, Galaxy: kinematics and dynamics, stars: kinematics and dynamics, Astrophysics - Astrophysics of Galaxies, Astrophysics - Solar and Stellar Astrophysics},
         year = "2019",
        month = "Aug",
       volume = {881},
       number = {2},
          eid = {L37},
        pages = {L37},
          doi = {10.3847/2041-8213/ab36ba},
archivePrefix = {arXiv},
       eprint = {1906.02748},
 primaryClass = {astro-ph.GA},
       adsurl = {https://ui.adsabs.harvard.edu/abs/2019ApJ...881L..37B},
      adsnote = {Provided by the SAO/NASA Astrophysics Data System}
}

@ARTICLE{bonaca2020a,
       author = {{Bonaca}, Ana and {Pearson}, Sarah and {Price-Whelan}, Adrian M. and {Dey}, Arjun and {Geha}, Marla and {Kallivayalil}, Nitya and {Moustakas}, John and {Mu{\~n}oz}, Ricardo and {Myers}, Adam D. and {Schlegel}, David J. and {Valdes}, Francisco},
        title = "{Variations in the Width, Density, and Direction of the Palomar 5 Tidal Tails}",
      journal = {\apj},
     keywords = {656, 1051, 1060, 1049, 1701, Astrophysics - Astrophysics of Galaxies},
         year = 2020,
        month = jan,
       volume = {889},
       number = {1},
          eid = {70},
        pages = {70},
          doi = {10.3847/1538-4357/ab5afe},
archivePrefix = {arXiv},
       eprint = {1910.00592},
 primaryClass = {astro-ph.GA},
       adsurl = {https://ui.adsabs.harvard.edu/abs/2020ApJ...889...70B},
      adsnote = {Provided by the SAO/NASA Astrophysics Data System}
}

@ARTICLE{donghia2010,
       author = {{D'Onghia}, Elena and {Springel}, Volker and {Hernquist}, Lars and
         {Keres}, Dusan},
        title = "{Substructure Depletion in the Milky Way Halo by the Disk}",
      journal = {\apj},
     keywords = {dark matter, Galaxy: disk, Galaxy: formation, Astrophysics - Cosmology and Nongalactic Astrophysics},
         year = "2010",
        month = "Feb",
       volume = {709},
       number = {2},
        pages = {1138-1147},
          doi = {10.1088/0004-637X/709/2/1138},
archivePrefix = {arXiv},
       eprint = {0907.3482},
 primaryClass = {astro-ph.CO},
       adsurl = {https://ui.adsabs.harvard.edu/abs/2010ApJ...709.1138D},
      adsnote = {Provided by the SAO/NASA Astrophysics Data System}
}

@ARTICLE{hopkins2008,
       author = {{Hopkins}, Philip F. and {Hernquist}, Lars and {Cox}, Thomas J. and
         {Younger}, Joshua D. and {Besla}, Gurtina},
        title = "{The Radical Consequences of Realistic Satellite Orbits for the Heating and Implied Merger Histories of Galactic Disks}",
      journal = {\apj},
     keywords = {cosmology: theory, galaxies: active, galaxies: evolution, galaxies: formation, galaxies: spiral, Astrophysics},
         year = "2008",
        month = "Dec",
       volume = {688},
       number = {2},
        pages = {757-769},
          doi = {10.1086/592087},
archivePrefix = {arXiv},
       eprint = {0806.2861},
 primaryClass = {astro-ph},
       adsurl = {https://ui.adsabs.harvard.edu/abs/2008ApJ...688..757H},
      adsnote = {Provided by the SAO/NASA Astrophysics Data System}
}

@ARTICLE{springel2008,
       author = {{Springel}, V. and {Wang}, J. and {Vogelsberger}, M. and {Ludlow}, A. and
         {Jenkins}, A. and {Helmi}, A. and {Navarro}, J.~F. and {Frenk}, C.~S. and
         {White}, S.~D.~M.},
        title = "{The Aquarius Project: the subhaloes of galactic haloes}",
      journal = {\mnras},
     keywords = {methods: numerical, dark matter, Astrophysics},
         year = "2008",
        month = "Dec",
       volume = {391},
       number = {4},
        pages = {1685-1711},
          doi = {10.1111/j.1365-2966.2008.14066.x},
archivePrefix = {arXiv},
       eprint = {0809.0898},
 primaryClass = {astro-ph},
       adsurl = {https://ui.adsabs.harvard.edu/abs/2008MNRAS.391.1685S},
      adsnote = {Provided by the SAO/NASA Astrophysics Data System}
}

@ARTICLE{diemand2008,
       author = {{Diemand}, J. and {Kuhlen}, M. and {Madau}, P. and {Zemp}, M. and
         {Moore}, B. and {Potter}, D. and {Stadel}, J.},
        title = "{Clumps and streams in the local dark matter distribution}",
      journal = {\nat},
     keywords = {Astrophysics, High Energy Physics - Phenomenology},
         year = "2008",
        month = "Aug",
       volume = {454},
       number = {7205},
        pages = {735-738},
          doi = {10.1038/nature07153},
archivePrefix = {arXiv},
       eprint = {0805.1244},
 primaryClass = {astro-ph},
       adsurl = {https://ui.adsabs.harvard.edu/abs/2008Natur.454..735D},
      adsnote = {Provided by the SAO/NASA Astrophysics Data System}
}

@ARTICLE{ibata2002,
       author = {{Ibata}, R.~A. and {Lewis}, G.~F. and {Irwin}, M.~J. and {Quinn}, T.},
        title = "{Uncovering cold dark matter halo substructure with tidal streams}",
      journal = {\mnras},
     keywords = {galaxies: haloes, dark matter, Astrophysics},
         year = "2002",
        month = "Jun",
       volume = {332},
       number = {4},
        pages = {915-920},
          doi = {10.1046/j.1365-8711.2002.05358.x},
archivePrefix = {arXiv},
       eprint = {astro-ph/0110690},
 primaryClass = {astro-ph},
       adsurl = {https://ui.adsabs.harvard.edu/abs/2002MNRAS.332..915I},
      adsnote = {Provided by the SAO/NASA Astrophysics Data System}
}

@ARTICLE{johnston2002,
       author = {{Johnston}, Kathryn V. and {Spergel}, David N. and {Haydn}, Christian},
        title = "{How Lumpy Is the Milky Way's Dark Matter Halo?}",
      journal = {\apj},
     keywords = {Cosmology: Dark Matter, Galaxy: Halo, Galaxy: Kinematics and Dynamics, Galaxy: Structure, Astrophysics},
         year = "2002",
        month = "May",
       volume = {570},
       number = {2},
        pages = {656-664},
          doi = {10.1086/339791},
archivePrefix = {arXiv},
       eprint = {astro-ph/0111196},
 primaryClass = {astro-ph},
       adsurl = {https://ui.adsabs.harvard.edu/abs/2002ApJ...570..656J},
      adsnote = {Provided by the SAO/NASA Astrophysics Data System}
}

@ARTICLE{yoon2011,
       author = {{Yoon}, Joo Heon and {Johnston}, Kathryn V. and {Hogg}, David W.},
        title = "{Clumpy Streams from Clumpy Halos: Detecting Missing Satellites with Cold Stellar Structures}",
      journal = {\apj},
     keywords = {cosmology: theory, dark matter, Galaxy: halo, Galaxy: kinematics and dynamics, Galaxy: structure, Astrophysics - Astrophysics of Galaxies},
         year = "2011",
        month = "Apr",
       volume = {731},
       number = {1},
          eid = {58},
        pages = {58},
          doi = {10.1088/0004-637X/731/1/58},
archivePrefix = {arXiv},
       eprint = {1012.2884},
 primaryClass = {astro-ph.GA},
       adsurl = {https://ui.adsabs.harvard.edu/abs/2011ApJ...731...58Y},
      adsnote = {Provided by the SAO/NASA Astrophysics Data System}
}

@ARTICLE{sgv2008,
       author = {{Siegal-Gaskins}, Jennifer M. and {Valluri}, Monica},
        title = "{Signatures of {\ensuremath{\Lambda}}CDM Substructure in Tidal Debris}",
      journal = {\apj},
     keywords = {cosmology: theory, dark matter, galaxies: structure, methods: N-body simulations, Astrophysics},
         year = "2008",
        month = "Jul",
       volume = {681},
       number = {1},
        pages = {40-52},
          doi = {10.1086/587450},
archivePrefix = {arXiv},
       eprint = {0710.0385},
 primaryClass = {astro-ph},
       adsurl = {https://ui.adsabs.harvard.edu/abs/2008ApJ...681...40S},
      adsnote = {Provided by the SAO/NASA Astrophysics Data System}
}

@ARTICLE{carlberg2009,
       author = {{Carlberg}, R.~G.},
        title = "{Star Stream Folding by Dark Galactic Subhalos}",
      journal = {\apjl},
     keywords = {dark matter, galaxies: dwarf, Galaxy: halo, Galaxy: kinematics and dynamics, Galaxy: structure, Local Group, Astrophysics - Cosmology and Nongalactic Astrophysics, Astrophysics - Astrophysics of Galaxies},
         year = "2009",
        month = "Nov",
       volume = {705},
       number = {2},
        pages = {L223-L226},
          doi = {10.1088/0004-637X/705/2/L223},
archivePrefix = {arXiv},
       eprint = {0908.4345},
 primaryClass = {astro-ph.CO},
       adsurl = {https://ui.adsabs.harvard.edu/abs/2009ApJ...705L.223C},
      adsnote = {Provided by the SAO/NASA Astrophysics Data System}
}

@ARTICLE{carlberg2012,
       author = {{Carlberg}, R.~G. and {Grillmair}, C.~J. and {Hetherington}, Nathan},
        title = "{The Pal 5 Star Stream Gaps}",
      journal = {\apj},
     keywords = {dark matter, galaxies: dwarf, Local Group, Astrophysics - Cosmology and Nongalactic Astrophysics, Astrophysics - Astrophysics of Galaxies},
         year = "2012",
        month = "Nov",
       volume = {760},
       number = {1},
          eid = {75},
        pages = {75},
          doi = {10.1088/0004-637X/760/1/75},
archivePrefix = {arXiv},
       eprint = {1209.1741},
 primaryClass = {astro-ph.CO},
       adsurl = {https://ui.adsabs.harvard.edu/abs/2012ApJ...760...75C},
      adsnote = {Provided by the SAO/NASA Astrophysics Data System}
}

@ARTICLE{ibata2016,
       author = {{Ibata}, Rodrigo A. and {Lewis}, Geraint F. and {Martin}, Nicolas F.},
        title = "{Feeling the Pull: a Study of Natural Galactic Accelerometers. I. Photometry of the Delicate Stellar Stream of the Palomar 5 Globular Cluster}",
      journal = {\apj},
     keywords = {dark matter, Galaxy: halo, Galaxy: kinematics and dynamics, globular clusters: individual: Palomar 5, Astrophysics - Astrophysics of Galaxies},
         year = "2016",
        month = "Mar",
       volume = {819},
       number = {1},
          eid = {1},
        pages = {1},
          doi = {10.3847/0004-637X/819/1/1},
archivePrefix = {arXiv},
       eprint = {1512.03054},
 primaryClass = {astro-ph.GA},
       adsurl = {https://ui.adsabs.harvard.edu/abs/2016ApJ...819....1I},
      adsnote = {Provided by the SAO/NASA Astrophysics Data System}
}

@ARTICLE{malhan2018,
       author = {{Malhan}, Khyati and {Ibata}, Rodrigo A. and {Martin}, Nicolas F.},
        title = "{Ghostly tributaries to the Milky Way: charting the halo's stellar streams with the Gaia DR2 catalogue}",
      journal = {\mnras},
     keywords = {stars: kinematics and dynamics, Galaxy: halo, Galaxy: kinematics and dynamics, Galaxy: structure, Astrophysics - Astrophysics of Galaxies},
         year = "2018",
        month = "Dec",
       volume = {481},
       number = {3},
        pages = {3442-3455},
          doi = {10.1093/mnras/sty2474},
archivePrefix = {arXiv},
       eprint = {1804.11339},
 primaryClass = {astro-ph.GA},
       adsurl = {https://ui.adsabs.harvard.edu/abs/2018MNRAS.481.3442M},
      adsnote = {Provided by the SAO/NASA Astrophysics Data System}
}

@ARTICLE{ibata2019,
       author = {{Ibata}, Rodrigo A. and {Malhan}, Khyati and {Martin}, Nicolas F.},
        title = "{The Streams of the Gaping Abyss: A Population of Entangled Stellar Streams Surrounding the Inner Galaxy}",
      journal = {\apj},
     keywords = {galaxies: formation, Galaxy: halo, Galaxy: stellar content, Galaxy: structure, surveys, Astrophysics - Astrophysics of Galaxies},
         year = "2019",
        month = "Feb",
       volume = {872},
       number = {2},
          eid = {152},
        pages = {152},
          doi = {10.3847/1538-4357/ab0080},
archivePrefix = {arXiv},
       eprint = {1901.07566},
 primaryClass = {astro-ph.GA},
       adsurl = {https://ui.adsabs.harvard.edu/abs/2019ApJ...872..152I},
      adsnote = {Provided by the SAO/NASA Astrophysics Data System}
}

@ARTICLE{meingast2019,
       author = {{Meingast}, Stefan and {Alves}, Jo{\~a}o and {F{\"u}rnkranz}, Verena},
        title = "{Extended stellar systems in the solar neighborhood . II. Discovery of a nearby 120{\textdegree} stellar stream in Gaia DR2}",
      journal = {\aap},
     keywords = {stars: kinematics and dynamics, solar neighborhood, open clusters and associations: general, Astrophysics - Astrophysics of Galaxies},
         year = "2019",
        month = "Feb",
       volume = {622},
          eid = {L13},
        pages = {L13},
          doi = {10.1051/0004-6361/201834950},
archivePrefix = {arXiv},
       eprint = {1901.06387},
 primaryClass = {astro-ph.GA},
       adsurl = {https://ui.adsabs.harvard.edu/abs/2019A&A...622L..13M},
      adsnote = {Provided by the SAO/NASA Astrophysics Data System}
}

@ARTICLE{shipp2019,
       author = {{Shipp}, N. and {Li}, T.~S. and {Pace}, A.~B. and {Erkal}, D. and
         {Drlica-Wagner}, A. and {Yanny}, B. and {Belokurov}, V. and
         {Wester}, W. and {Koposov}, S.~E. and {Kuehn}, K. and {Lewis}, G.~F. and
         {Simpson}, J.~D. and {Wan}, Z. and {Zucker}, D.~B. and
         {Martell}, S.~L. and {Wang}, M.~Y. and {S<SUP>5</SUP> Collaboration}},
        title = "{Proper Motions of Stellar Streams Discovered in the Dark Energy Survey}",
      journal = {\apj},
     keywords = {Stellar kinematics, Milky Way Galaxy, Milky Way stellar halo, Local Group, Galaxy structure, Astrophysics - Astrophysics of Galaxies, Astrophysics - Solar and Stellar Astrophysics},
         year = "2019",
        month = "Nov",
       volume = {885},
       number = {1},
          eid = {3},
        pages = {3},
          doi = {10.3847/1538-4357/ab44bf},
archivePrefix = {arXiv},
       eprint = {1907.09488},
 primaryClass = {astro-ph.GA},
       adsurl = {https://ui.adsabs.harvard.edu/abs/2019ApJ...885....3S},
      adsnote = {Provided by the SAO/NASA Astrophysics Data System}
}

@ARTICLE{deboer2019,
       author = {{de Boer}, T.~J.~L. and {Erkal}, D. and {Gieles}, M.},
        title = "{A closer look at the spur, blob, wiggle, and gaps in GD-1}",
      journal = {arXiv e-prints},
     keywords = {Astrophysics - Astrophysics of Galaxies},
         year = "2019",
        month = "Nov",
          eid = {arXiv:1911.05745},
        pages = {arXiv:1911.05745},
archivePrefix = {arXiv},
       eprint = {1911.05745},
 primaryClass = {astro-ph.GA},
       adsurl = {https://ui.adsabs.harvard.edu/abs/2019arXiv191105745D},
      adsnote = {Provided by the SAO/NASA Astrophysics Data System}
}

@ARTICLE{malhan2019b,
       author = {{Malhan}, Khyati and {Ibata}, Rodrigo A. and {Carlberg}, Raymond G. and
         {Valluri}, Monica and {Freese}, Katherine},
        title = "{Butterfly in a Cocoon, Understanding the Origin and Morphology of Globular Cluster Streams: The Case of GD-1}",
      journal = {\apj},
     keywords = {Galaxy: formation, Galaxy: halo, Galaxy: structure, globular clusters: general, stars: kinematics and dynamics, Astrophysics - Astrophysics of Galaxies},
         year = "2019",
        month = "Aug",
       volume = {881},
       number = {2},
          eid = {106},
        pages = {106},
          doi = {10.3847/1538-4357/ab2e07},
archivePrefix = {arXiv},
       eprint = {1903.08141},
 primaryClass = {astro-ph.GA},
       adsurl = {https://ui.adsabs.harvard.edu/abs/2019ApJ...881..106M},
      adsnote = {Provided by the SAO/NASA Astrophysics Data System}
}

@ARTICLE{erkal2016,
       author = {{Erkal}, Denis and {Belokurov}, Vasily and {Bovy}, Jo and {Sand
        ers}, Jason L.},
        title = "{The number and size of subhalo-induced gaps in stellar streams}",
      journal = {\mnras},
     keywords = {Galaxy: fundamental parameters, galaxies: haloes, galaxies: structure, dark matter, Astrophysics - Astrophysics of Galaxies},
         year = "2016",
        month = "Nov",
       volume = {463},
       number = {1},
        pages = {102-119},
          doi = {10.1093/mnras/stw1957},
archivePrefix = {arXiv},
       eprint = {1606.04946},
 primaryClass = {astro-ph.GA},
       adsurl = {https://ui.adsabs.harvard.edu/abs/2016MNRAS.463..102E},
      adsnote = {Provided by the SAO/NASA Astrophysics Data System}
}

@ARTICLE{banik2019,
       author = {{Banik}, Nilanjan and {Bovy}, Jo and {Bertone}, Gianfranco and
         {Erkal}, Denis and {de Boer}, T.~J.~L.},
        title = "{Evidence of a population of dark subhalos from Gaia and Pan-STARRS observations of the GD-1 stream}",
      journal = {arXiv e-prints},
     keywords = {Astrophysics - Astrophysics of Galaxies, Astrophysics - Cosmology and Nongalactic Astrophysics},
         year = "2019",
        month = "Nov",
          eid = {arXiv:1911.02662},
        pages = {arXiv:1911.02662},
archivePrefix = {arXiv},
       eprint = {1911.02662},
 primaryClass = {astro-ph.GA},
       adsurl = {https://ui.adsabs.harvard.edu/abs/2019arXiv191102662B},
      adsnote = {Provided by the SAO/NASA Astrophysics Data System}
}

@ARTICLE{baumgardt2019,
       author = {{Baumgardt}, H. and {Hilker}, M. and {Sollima}, A. and {Bellini}, A.},
        title = "{Mean proper motions, space orbits, and velocity dispersion profiles of Galactic globular clusters derived from Gaia DR2 data}",
      journal = {\mnras},
     keywords = {stars: luminosity function, mass function, globular clusters: general, Astrophysics - Astrophysics of Galaxies},
         year = "2019",
        month = "Feb",
       volume = {482},
       number = {4},
        pages = {5138-5155},
          doi = {10.1093/mnras/sty2997},
archivePrefix = {arXiv},
       eprint = {1811.01507},
 primaryClass = {astro-ph.GA},
       adsurl = {https://ui.adsabs.harvard.edu/abs/2019MNRAS.482.5138B},
      adsnote = {Provided by the SAO/NASA Astrophysics Data System}
}

@ARTICLE{kahlhoefer2019,
       author = {{Kahlhoefer}, Felix and {Kaplinghat}, Manoj and {Slatyer}, Tracy R. and
         {Wu}, Chih-Liang},
        title = "{Diversity in density profiles of self-interacting dark matter satellite halos}",
      journal = {\jcap},
     keywords = {Astrophysics - Astrophysics of Galaxies, Astrophysics - Cosmology and Nongalactic Astrophysics, High Energy Physics - Phenomenology},
         year = "2019",
        month = "Dec",
       volume = {2019},
       number = {12},
          eid = {010},
        pages = {010},
          doi = {10.1088/1475-7516/2019/12/010},
archivePrefix = {arXiv},
       eprint = {1904.10539},
 primaryClass = {astro-ph.GA},
       adsurl = {https://ui.adsabs.harvard.edu/abs/2019JCAP...12..010K},
      adsnote = {Provided by the SAO/NASA Astrophysics Data System}
}

@ARTICLE{huang2019,
       author = {{Huang}, Y. and {Chen}, B. -Q. and {Zhang}, H. -W. and {Yuan}, H. -B. and
         {Xiang}, M. -S. and {Wang}, C. and {Tian}, Z. -J. and {Liu}, X. -W.},
        title = "{Member Stars of the GD-1 Tidal Stream from the SDSS, LAMOST, and Gaia Surveys}",
      journal = {\apj},
     keywords = {Galaxy: fundamental parameters, Galaxy: halo, Galaxy: structure, Astrophysics - Astrophysics of Galaxies},
         year = "2019",
        month = "May",
       volume = {877},
       number = {1},
          eid = {13},
        pages = {13},
          doi = {10.3847/1538-4357/ab158a},
archivePrefix = {arXiv},
       eprint = {1806.03748},
 primaryClass = {astro-ph.GA},
       adsurl = {https://ui.adsabs.harvard.edu/abs/2019ApJ...877...13H},
      adsnote = {Provided by the SAO/NASA Astrophysics Data System}
}

@ARTICLE{malhan2019c,
       author = {{Malhan}, Khyati and {Ibata}, Rodrigo A. and {Carlberg}, Raymond G. and
         {Bellazzini}, Michele and {Famaey}, Benoit and {Martin}, Nicolas F.},
        title = "{Phase-space Correlation in Stellar Streams of the Milky Way Halo: The Clash of Kshir and GD-1}",
      journal = {\apjl},
     keywords = {Globular star clusters, Dark matter, Stellar kinematics, Milky Way stellar halo, Astrophysics - Astrophysics of Galaxies},
         year = "2019",
        month = "Nov",
       volume = {886},
       number = {1},
          eid = {L7},
        pages = {L7},
          doi = {10.3847/2041-8213/ab530e},
archivePrefix = {arXiv},
       eprint = {1911.00009},
 primaryClass = {astro-ph.GA},
       adsurl = {https://ui.adsabs.harvard.edu/abs/2019ApJ...886L...7M},
      adsnote = {Provided by the SAO/NASA Astrophysics Data System}
}

@ARTICLE{webb2019,
       author = {{Webb}, Jeremy J. and {Bovy}, Jo},
        title = "{Searching for the GD-1 stream progenitor in Gaia DR2 with direct N-body simulations}",
      journal = {\mnras},
     keywords = {galaxies: star clusters: general, galaxies: structure, cosmology: dark matter, Astrophysics - Astrophysics of Galaxies},
         year = "2019",
        month = "Jun",
       volume = {485},
       number = {4},
        pages = {5929-5938},
          doi = {10.1093/mnras/stz867},
archivePrefix = {arXiv},
       eprint = {1811.07022},
 primaryClass = {astro-ph.GA},
       adsurl = {https://ui.adsabs.harvard.edu/abs/2019MNRAS.485.5929W},
      adsnote = {Provided by the SAO/NASA Astrophysics Data System}
}

@ARTICLE{carlberg2018,
       author = {{Carlberg}, Raymond G.},
        title = "{Globular Clusters in a Cosmological N-body Simulation}",
      journal = {\apj},
     keywords = {dark matter, Galaxy: halo, globular clusters: general, stars: black holes, Astrophysics - Astrophysics of Galaxies, Astrophysics - Cosmology and Nongalactic Astrophysics, Astrophysics - High Energy Astrophysical Phenomena},
         year = "2018",
        month = "Jul",
       volume = {861},
       number = {1},
          eid = {69},
        pages = {69},
          doi = {10.3847/1538-4357/aac88a},
archivePrefix = {arXiv},
       eprint = {1706.01938},
 primaryClass = {astro-ph.GA},
       adsurl = {https://ui.adsabs.harvard.edu/abs/2018ApJ...861...69C},
      adsnote = {Provided by the SAO/NASA Astrophysics Data System}
}

@ARTICLE{carlberg2013,
       author = {{Carlberg}, R.~G. and {Grillmair}, C.~J.},
        title = "{Gaps in the GD-1 Star Stream}",
      journal = {\apj},
     keywords = {dark matter, galaxies: dwarf, Local Group, Astrophysics - Cosmology and Nongalactic Astrophysics},
         year = "2013",
        month = "May",
       volume = {768},
       number = {2},
          eid = {171},
        pages = {171},
          doi = {10.1088/0004-637X/768/2/171},
archivePrefix = {arXiv},
       eprint = {1303.4342},
 primaryClass = {astro-ph.CO},
       adsurl = {https://ui.adsabs.harvard.edu/abs/2013ApJ...768..171C},
      adsnote = {Provided by the SAO/NASA Astrophysics Data System}
}

@ARTICLE{bayer2018,
       author = {{Bayer}, D. and {Chatterjee}, S. and {Koopmans}, L.~V.~E. and
         {Vegetti}, S. and {McKean}, J.~P. and {Treu}, T. and {Fassnacht}, C.~D.},
        title = "{Observational constraints on the sub-galactic matter-power spectrum from galaxy-galaxy strong gravitational lensing}",
      journal = {arXiv e-prints},
     keywords = {Astrophysics - Astrophysics of Galaxies, Astrophysics - Cosmology and Nongalactic Astrophysics},
         year = "2018",
        month = "Mar",
          eid = {arXiv:1803.05952},
        pages = {arXiv:1803.05952},
archivePrefix = {arXiv},
       eprint = {1803.05952},
 primaryClass = {astro-ph.GA},
       adsurl = {https://ui.adsabs.harvard.edu/abs/2018arXiv180305952B},
      adsnote = {Provided by the SAO/NASA Astrophysics Data System}
}

@ARTICLE{daylan2016,
       author = {{Daylan}, Tansu and {Finkbeiner}, Douglas P. and {Hooper}, Dan and
         {Linden}, Tim and {Portillo}, Stephen K.~N. and {Rodd}, Nicholas L. and
         {Slatyer}, Tracy R.},
        title = "{The characterization of the gamma-ray signal from the central Milky Way: A case for annihilating dark matter}",
      journal = {Physics of the Dark Universe},
     keywords = {Dark matter, Indirect detection, Gamma-rays, Astrophysics - High Energy Astrophysical Phenomena, Astrophysics - Cosmology and Nongalactic Astrophysics, Astrophysics - Astrophysics of Galaxies, High Energy Physics - Phenomenology, High Energy Physics - Theory},
         year = "2016",
        month = "Jun",
       volume = {12},
        pages = {1-23},
          doi = {10.1016/j.dark.2015.12.005},
archivePrefix = {arXiv},
       eprint = {1402.6703},
 primaryClass = {astro-ph.HE},
       adsurl = {https://ui.adsabs.harvard.edu/abs/2016PDU....12....1D},
      adsnote = {Provided by the SAO/NASA Astrophysics Data System}
}

@ARTICLE{amorisco2018,
       author = {{Amorisco}, Nicola C. and {Loeb}, A.},
        title = "{First constraints on Fuzzy Dark Matter from the dynamics of stellar streams in the Milky Way}",
      journal = {arXiv e-prints},
     keywords = {Astrophysics - Astrophysics of Galaxies, Astrophysics - Cosmology and Nongalactic Astrophysics},
         year = "2018",
        month = "Aug",
          eid = {arXiv:1808.00464},
        pages = {arXiv:1808.00464},
archivePrefix = {arXiv},
       eprint = {1808.00464},
 primaryClass = {astro-ph.GA},
       adsurl = {https://ui.adsabs.harvard.edu/abs/2018arXiv180800464A},
      adsnote = {Provided by the SAO/NASA Astrophysics Data System}
}

@ARTICLE{gratton2019,
       author = {{Gratton}, Raffaele and {Bragaglia}, Angela and {Carretta}, Eugenio and
         {D'Orazi}, Valentina and {Lucatello}, Sara and {Sollima}, Antonio},
        title = "{What is a globular cluster? An observational perspective}",
      journal = {\aapr},
     keywords = {Globular clusters, Open clusters, The Galaxy, Astrophysics - Solar and Stellar Astrophysics, Astrophysics - Astrophysics of Galaxies},
         year = "2019",
        month = "Nov",
       volume = {27},
       number = {1},
          eid = {8},
        pages = {8},
          doi = {10.1007/s00159-019-0119-3},
archivePrefix = {arXiv},
       eprint = {1911.02835},
 primaryClass = {astro-ph.SR},
       adsurl = {https://ui.adsabs.harvard.edu/abs/2019A&ARv..27....8G},
      adsnote = {Provided by the SAO/NASA Astrophysics Data System}
}

@ARTICLE{dotter2017,
       author = {{Dotter}, Aaron and {Conroy}, Charlie and {Cargile}, Phillip and
         {Asplund}, Martin},
        title = "{The Influence of Atomic Diffusion on Stellar Ages and Chemical Tagging}",
      journal = {\apj},
     keywords = {stars: abundances, stars: evolution, Astrophysics - Solar and Stellar Astrophysics, Astrophysics - Astrophysics of Galaxies},
         year = "2017",
        month = "May",
       volume = {840},
       number = {2},
          eid = {99},
        pages = {99},
          doi = {10.3847/1538-4357/aa6d10},
archivePrefix = {arXiv},
       eprint = {1704.03465},
 primaryClass = {astro-ph.SR},
       adsurl = {https://ui.adsabs.harvard.edu/abs/2017ApJ...840...99D},
      adsnote = {Provided by the SAO/NASA Astrophysics Data System}
}

@ARTICLE{mn1975,
       author = {{Miyamoto}, M. and {Nagai}, R.},
        title = "{Three-dimensional models for the distribution of mass in galaxies.}",
      journal = {\pasj},
     keywords = {Astronomical Models, Density Distribution, Galactic Structure, Mass Distribution, Potential Theory, Three Dimensional Models, Functions (Mathematics), Globular Clusters, Gravitational Effects, Mathematical Models, Milky Way Galaxy, Astrophysics},
         year = "1975",
        month = "Jan",
       volume = {27},
        pages = {533-543},
       adsurl = {https://ui.adsabs.harvard.edu/abs/1975PASJ...27..533M},
      adsnote = {Provided by the SAO/NASA Astrophysics Data System}
}

@ARTICLE{navarro1997,
   author = {{Navarro}, J.~F. and {Frenk}, C.~S. and {White}, S.~D.~M.},
    title = "{A Universal Density Profile from Hierarchical Clustering}",
  journal = {\apj},
   eprint = {astro-ph/9611107},
 keywords = {Cosmology: Theory, Cosmology: Dark Matter, Galaxies: Halos, Methods: Numerical},
     year = 1997,
    month = dec,
   volume = 490,
    pages = {493-508},
      doi = {10.1086/304888},
   adsurl = {http://adsabs.harvard.edu/abs/1997ApJ...490..493N},
  adsnote = {Provided by the SAO/NASA Astrophysics Data System}
}

@ARTICLE{hernquist1990,
   author = {{Hernquist}, L.},
    title = "{An analytical model for spherical galaxies and bulges}",
  journal = {\apj},
 keywords = {Computational Astrophysics, Elliptical Galaxies, Galactic Bulge, Galactic Structure, Astronomical Models, Astronomical Photometry, Brightness Distribution, Distribution Functions},
     year = 1990,
    month = jun,
   volume = 356,
    pages = {359-364},
      doi = {10.1086/168845},
   adsurl = {http://adsabs.harvard.edu/abs/1990ApJ...356..359H},
  adsnote = {Provided by the SAO/NASA Astrophysics Data System}
}

@ARTICLE{bk2021,
   author = {{Bonaca}, Ana and {Kruijssen}, J.~M. Diederik},
    title = "{The Progenitor Globular Clusters of Stellar Streams in the Galactic Halo}",
  journal = "submitted to AAS Journals",
     year = 2020
}

@article{bonaca2020b,
	Adsnote = {Provided by the SAO/NASA Astrophysics Data System},
	Adsurl = {https://ui.adsabs.harvard.edu/abs/2020ApJ...892L..37B},
	Archiveprefix = {arXiv},
	Author = {{Bonaca}, Ana and {Conroy}, Charlie and {Hogg}, David W. and {Cargile}, Phillip A. and {Caldwell}, Nelson and {Naidu}, Rohan P. and {Price-Whelan}, Adrian M. and {Speagle}, Joshua S. and {Johnson}, Benjamin D.},
	Doi = {10.3847/2041-8213/ab800c},
	Eid = {L37},
	Eprint = {2001.07215},
	Journal = {\apjl},
	Keywords = {Astrophysics - Astrophysics of Galaxies, Astrophysics - Solar and Stellar Astrophysics, High Energy Physics - Phenomenology},
	Month = apr,
	Number = {2},
	Pages = {L37},
	Primaryclass = {astro-ph.GA},
	Title = {{High-resolution Spectroscopy of the GD-1 Stellar Stream Localizes the Perturber near the Orbital Plane of Sagittarius}},
	Volume = {892},
	Year = 2020,
	Bdsk-Url-1 = {https://doi.org/10.3847/2041-8213/ab800c}}

@article{li2020,
	Adsnote = {Provided by the SAO/NASA Astrophysics Data System},
	Adsurl = {https://ui.adsabs.harvard.edu/abs/2020arXiv200610763L},
	Archiveprefix = {arXiv},
	Author = {{Li}, Ting S. and {Koposov}, Sergey E. and {Erkal}, Denis and {Ji}, Alexand er P. and {Shipp}, Nora and {Pace}, Andrew B. and {Hilmi}, Tariq and {Kuehn}, Kyler and {Lewis}, Geraint F. and {Mackey}, Dougal and {Simpson}, Jeffrey D. and {Wan}, Zhen and {Zucker}, Daniel B. and {Bland -Hawthorn}, Joss and {Cullinane}, Lara R. and {Da Costa}, Gary S. and {Drlica-Wagner}, Alex and {Hattori}, Kohei and {Martell}, Sarah L. and {Sharma}, Sanjib},
	Eid = {arXiv:2006.10763},
	Eprint = {2006.10763},
	Journal = {arXiv e-prints},
	Keywords = {Astrophysics - Astrophysics of Galaxies},
	Month = jun,
	Pages = {arXiv:2006.10763},
	Primaryclass = {astro-ph.GA},
	Title = {{Broken into Pieces: ATLAS and Aliqa Uma as One Single Stream}},
	Year = 2020}

@article{caldwell2020,
	Adsnote = {Provided by the SAO/NASA Astrophysics Data System},
	Adsurl = {https://ui.adsabs.harvard.edu/abs/2020AJ....159..287C},
	Archiveprefix = {arXiv},
	Author = {{Caldwell}, Nelson and {Bonaca}, Ana and {Price-Whelan}, Adrian M. and {Sesar}, Branimir and {Walker}, Matthew G.},
	Doi = {10.3847/1538-3881/ab8cbf},
	Eid = {287},
	Eprint = {2004.14350},
	Journal = {\aj},
	Keywords = {Galaxy structure, Galaxy stellar halos, Milky Way stellar halo, Globular star clusters, 622, 598, 1060, 656, Astrophysics - Astrophysics of Galaxies},
	Month = jun,
	Number = {6},
	Pages = {287},
	Primaryclass = {astro-ph.GA},
	Title = {{A Larger Extent for the Ophiuchus Stream}},
	Volume = {159},
	Year = 2020,
	Bdsk-Url-1 = {https://doi.org/10.3847/1538-3881/ab8cbf}}

@article{kuepper2010,
	Adsnote = {Provided by the SAO/NASA Astrophysics Data System},
	Adsurl = {https://ui.adsabs.harvard.edu/abs/2010MNRAS.401..105K},
	Archiveprefix = {arXiv},
	Author = {{K{\"u}pper}, Andreas H.~W. and {Kroupa}, Pavel and {Baumgardt}, Holger and {Heggie}, Douglas C.},
	Doi = {10.1111/j.1365-2966.2009.15690.x},
	Eprint = {0909.2619},
	Journal = {\mnras},
	Keywords = {methods: analytical, methods: N-body simulations, galaxies: haloes, galaxies: kinematics and dynamics, galaxies: star clusters, dark matter, Astrophysics - Solar and Stellar Astrophysics, Astrophysics - Astrophysics of Galaxies},
	Month = jan,
	Number = {1},
	Pages = {105-120},
	Primaryclass = {astro-ph.SR},
	Title = {{Tidal tails of star clusters}},
	Volume = {401},
	Year = 2010,
	Bdsk-Url-1 = {https://doi.org/10.1111/j.1365-2966.2009.15690.x}}

@article{riley2020,
	Adsnote = {Provided by the SAO/NASA Astrophysics Data System},
	Adsurl = {https://ui.adsabs.harvard.edu/abs/2020MNRAS.494..983R},
	Archiveprefix = {arXiv},
	Author = {{Riley}, Alexander H. and {Strigari}, Louis E.},
	Doi = {10.1093/mnras/staa710},
	Eprint = {2001.11564},
	Journal = {\mnras},
	Keywords = {galaxies: formation, galaxies: kinematics and dynamics, Local Group, Astrophysics - Astrophysics of Galaxies, Astrophysics - Cosmology and Nongalactic Astrophysics},
	Month = mar,
	Number = {1},
	Pages = {983-1001},
	Primaryclass = {astro-ph.GA},
	Title = {{The Milky Way's stellar streams and globular clusters do not align in a Vast Polar Structure}},
	Volume = {494},
	Year = 2020,
	Bdsk-Url-1 = {https://doi.org/10.1093/mnras/staa710}}

@ARTICLE{conroy2019,
       author = {{Conroy}, Charlie and {Bonaca}, Ana and {Cargile}, Phillip and {Johnson}, Benjamin D. and {Caldwell}, Nelson and {Naidu}, Rohan P. and {Zaritsky}, Dennis and {Fabricant}, Daniel and {Moran}, Sean and {Rhee}, Jaehyon and {Szentgyorgyi}, Andrew and {Berlind}, Perry and {Calkins}, Michael L. and {Kattner}, ShiAnne and {Ly}, Chun},
        title = "{Mapping the Stellar Halo with the H3 Spectroscopic Survey}",
      journal = {\apj},
     keywords = {Galaxy: halo, Galaxy: kinematics and dynamics, Astrophysics - Astrophysics of Galaxies},
         year = 2019,
        month = sep,
       volume = {883},
       number = {1},
          eid = {107},
        pages = {107},
          doi = {10.3847/1538-4357/ab38b8},
archivePrefix = {arXiv},
       eprint = {1907.07684},
 primaryClass = {astro-ph.GA},
       adsurl = {https://ui.adsabs.harvard.edu/abs/2019ApJ...883..107C},
      adsnote = {Provided by the SAO/NASA Astrophysics Data System}
}

@ARTICLE{belokurov2018,
       author = {{Belokurov}, V. and {Erkal}, D. and {Evans}, N.~W. and {Koposov}, S.~E. and {Deason}, A.~J.},
        title = "{Co-formation of the disc and the stellar halo}",
      journal = {\mnras},
     keywords = {galaxies: dwarf, Local Group, galaxies: structure, Astrophysics - Astrophysics of Galaxies},
         year = 2018,
        month = jul,
       volume = {478},
       number = {1},
        pages = {611-619},
          doi = {10.1093/mnras/sty982},
archivePrefix = {arXiv},
       eprint = {1802.03414},
 primaryClass = {astro-ph.GA},
       adsurl = {https://ui.adsabs.harvard.edu/abs/2018MNRAS.478..611B},
      adsnote = {Provided by the SAO/NASA Astrophysics Data System}
}

@ARTICLE{helmi2018,
       author = {{Helmi}, Amina and {Babusiaux}, Carine and {Koppelman}, Helmer H. and {Massari}, Davide and {Veljanoski}, Jovan and {Brown}, Anthony G.~A.},
        title = "{The merger that led to the formation of the Milky Way's inner stellar halo and thick disk}",
      journal = {\nat},
     keywords = {Astrophysics - Astrophysics of Galaxies},
         year = 2018,
        month = oct,
       volume = {563},
       number = {7729},
        pages = {85-88},
          doi = {10.1038/s41586-018-0625-x},
archivePrefix = {arXiv},
       eprint = {1806.06038},
 primaryClass = {astro-ph.GA},
       adsurl = {https://ui.adsabs.harvard.edu/abs/2018Natur.563...85H},
      adsnote = {Provided by the SAO/NASA Astrophysics Data System}
}

@ARTICLE{naidu2020,
       author = {{Naidu}, Rohan P. and {Conroy}, Charlie and {Bonaca}, Ana and {Johnson}, Benjamin D. and {Ting}, Yuan-Sen and {Caldwell}, Nelson and {Zaritsky}, Dennis and {Cargile}, Phillip A.},
        title = "{Evidence from the H3 Survey That the Stellar Halo Is Entirely Comprised of Substructure}",
      journal = {\apj},
     keywords = {Galaxy stellar halos, Galaxy kinematics, Milky Way evolution, Galaxy evolution, Galaxy formation, Milky Way formation, Milky Way Galaxy, Milky Way stellar halo, 598, 602, 1052, 594, 595, 1053, 1054, 1060, Astrophysics - Astrophysics of Galaxies},
         year = 2020,
        month = sep,
       volume = {901},
       number = {1},
          eid = {48},
        pages = {48},
          doi = {10.3847/1538-4357/abaef4},
archivePrefix = {arXiv},
       eprint = {2006.08625},
 primaryClass = {astro-ph.GA},
       adsurl = {https://ui.adsabs.harvard.edu/abs/2020ApJ...901...48N},
      adsnote = {Provided by the SAO/NASA Astrophysics Data System}
}

@ARTICLE{hansen2020,
       author = {{Hansen}, T.~T. and {Riley}, A.~H. and {Strigari}, L.~E. and {Marshall}, J.~L. and {Ferguson}, P.~S. and {Zepeda}, J. and {Sneden}, C.},
        title = "{A Chemo-dynamical Link between the Gj{\"o}ll Stream and NGC 3201}",
      journal = {\apj},
     keywords = {Milky Way dynamics, Chemical abundances, Globular star clusters, 1051, 224, 656},
         year = 2020,
        month = sep,
       volume = {901},
       number = {1},
          eid = {23},
        pages = {23},
          doi = {10.3847/1538-4357/ababa5},
       adsurl = {https://ui.adsabs.harvard.edu/abs/2020ApJ...901...23H},
      adsnote = {Provided by the SAO/NASA Astrophysics Data System}
}

@ARTICLE{ibata2018,
       author = {{Ibata}, Rodrigo A. and {Malhan}, Khyati and {Martin}, Nicolas F. and {Starkenburg}, Else},
        title = "{Phlegethon, a Nearby 75{\textdegree}-long Retrograde Stellar Stream}",
      journal = {\apj},
     keywords = {galaxies: formation, Galaxy: halo, Galaxy: stellar content, Galaxy: structure, surveys, Astrophysics - Astrophysics of Galaxies},
         year = 2018,
        month = oct,
       volume = {865},
       number = {2},
          eid = {85},
        pages = {85},
          doi = {10.3847/1538-4357/aadba3},
archivePrefix = {arXiv},
       eprint = {1806.01195},
 primaryClass = {astro-ph.GA},
       adsurl = {https://ui.adsabs.harvard.edu/abs/2018ApJ...865...85I},
      adsnote = {Provided by the SAO/NASA Astrophysics Data System}
}

@ARTICLE{shipp2018,
       author = {{Shipp}, N. and {Drlica-Wagner}, A. and {Balbinot}, E. and {Ferguson}, P. and {Erkal}, D. and {Li}, T.~S. and {Bechtol}, K. and {Belokurov}, V. and {Buncher}, B. and {Carollo}, D. and {Carrasco Kind}, M. and {Kuehn}, K. and {Marshall}, J.~L. and {Pace}, A.~B. and {Rykoff}, E.~S. and {Sevilla-Noarbe}, I. and {Sheldon}, E. and {Strigari}, L. and {Vivas}, A.~K. and {Yanny}, B. and {Zenteno}, A. and {Abbott}, T.~M.~C. and {Abdalla}, F.~B. and {Allam}, S. and {Avila}, S. and {Bertin}, E. and {Brooks}, D. and {Burke}, D.~L. and {Carretero}, J. and {Castander}, F.~J. and {Cawthon}, R. and {Crocce}, M. and {Cunha}, C.~E. and {D'Andrea}, C.~B. and {da Costa}, L.~N. and {Davis}, C. and {De Vicente}, J. and {Desai}, S. and {Diehl}, H.~T. and {Doel}, P. and {Evrard}, A.~E. and {Flaugher}, B. and {Fosalba}, P. and {Frieman}, J. and {Garc{\'\i}a-Bellido}, J. and {Gaztanaga}, E. and {Gerdes}, D.~W. and {Gruen}, D. and {Gruendl}, R.~A. and {Gschwend}, J. and {Gutierrez}, G. and {Hartley}, W. and {Honscheid}, K. and {Hoyle}, B. and {James}, D.~J. and {Johnson}, M.~D. and {Krause}, E. and {Kuropatkin}, N. and {Lahav}, O. and {Lin}, H. and {Maia}, M.~A.~G. and {March}, M. and {Martini}, P. and {Menanteau}, F. and {Miller}, C.~J. and {Miquel}, R. and {Nichol}, R.~C. and {Plazas}, A.~A. and {Romer}, A.~K. and {Sako}, M. and {Sanchez}, E. and {Santiago}, B. and {Scarpine}, V. and {Schindler}, R. and {Schubnell}, M. and {Smith}, M. and {Smith}, R.~C. and {Sobreira}, F. and {Suchyta}, E. and {Swanson}, M.~E.~C. and {Tarle}, G. and {Thomas}, D. and {Tucker}, D.~L. and {Walker}, A.~R. and {Wechsler}, R.~H. and {DES Collaboration}},
        title = "{Stellar Streams Discovered in the Dark Energy Survey}",
      journal = {\apj},
     keywords = {Galaxy: halo, Galaxy: structure, Local Group, Astrophysics - Astrophysics of Galaxies, Astrophysics - Cosmology and Nongalactic Astrophysics},
         year = 2018,
        month = aug,
       volume = {862},
       number = {2},
          eid = {114},
        pages = {114},
          doi = {10.3847/1538-4357/aacdab},
archivePrefix = {arXiv},
       eprint = {1801.03097},
 primaryClass = {astro-ph.GA},
       adsurl = {https://ui.adsabs.harvard.edu/abs/2018ApJ...862..114S},
      adsnote = {Provided by the SAO/NASA Astrophysics Data System}
}

@ARTICLE{koppelman2019,
       author = {{Koppelman}, Helmer H. and {Helmi}, Amina and {Massari}, Davide and {Price-Whelan}, Adrian M. and {Starkenburg}, Tjitske K.},
        title = "{Multiple retrograde substructures in the Galactic halo: A shattered view of Galactic history}",
      journal = {\aap},
     keywords = {Galaxy: halo, solar neighborhood, Galaxy: kinematics and dynamics, Galaxy: formation, Galaxy: evolution, Astrophysics - Astrophysics of Galaxies},
         year = 2019,
        month = nov,
       volume = {631},
          eid = {L9},
        pages = {L9},
          doi = {10.1051/0004-6361/201936738},
archivePrefix = {arXiv},
       eprint = {1909.08924},
 primaryClass = {astro-ph.GA},
       adsurl = {https://ui.adsabs.harvard.edu/abs/2019A&A...631L...9K},
      adsnote = {Provided by the SAO/NASA Astrophysics Data System}
}

@ARTICLE{ji2020,
       author = {{Ji}, Alexander P. and {Li}, Ting S. and {Hansen}, Terese T. and {Casey}, Andrew R. and {Koposov}, Sergey E. and {Pace}, Andrew B. and {Mackey}, Dougal and {Lewis}, Geraint F. and {Simpson}, Jeffrey D. and {Bland-Hawthorn}, Joss and {Cullinane}, Lara R. and {Da Costa}, Gary. S. and {Hattori}, Kohei and {Martell}, Sarah L. and {Kuehn}, Kyler and {Erkal}, Denis and {Shipp}, Nora and {Wan}, Zhen and {Zucker}, Daniel B.},
        title = "{The Southern Stellar Stream Spectroscopic Survey (S$^{5}$): Chemical Abundances of Seven Stellar Streams}",
      journal = {\aj},
     keywords = {Globular star clusters, Stellar abundances, Dwarf galaxies, Milky Way stellar halo, 656, 1577, 416, 1060, Astrophysics - Solar and Stellar Astrophysics, Astrophysics - Astrophysics of Galaxies},
         year = 2020,
        month = oct,
       volume = {160},
       number = {4},
          eid = {181},
        pages = {181},
          doi = {10.3847/1538-3881/abacb6},
archivePrefix = {arXiv},
       eprint = {2008.07568},
 primaryClass = {astro-ph.SR},
       adsurl = {https://ui.adsabs.harvard.edu/abs/2020AJ....160..181J},
      adsnote = {Provided by the SAO/NASA Astrophysics Data System}
}

@ARTICLE{sesar2016,
       author = {{Sesar}, Branimir and {Price-Whelan}, Adrian M. and {Cohen}, Judith G. and {Rix}, Hans-Walter and {Pearson}, Sarah and {Johnston}, Kathryn V. and {Bernard}, Edouard J. and {Ferguson}, Annette M.~N. and {Martin}, Nicolas F. and {Slater}, Colin T. and {Chambers}, Kenneth C. and {Flewelling}, Heather and {Wainscoat}, Richard J. and {Waters}, Christopher},
        title = "{Evidence of Fanning in the Ophiuchus Stream}",
      journal = {\apjl},
     keywords = {Galaxy: halo, Galaxy: kinematics and dynamics, Galaxy: structure, globular clusters: general, Astrophysics - Astrophysics of Galaxies},
         year = 2016,
        month = jan,
       volume = {816},
       number = {1},
          eid = {L4},
        pages = {L4},
          doi = {10.3847/2041-8205/816/1/L4},
archivePrefix = {arXiv},
       eprint = {1512.00469},
 primaryClass = {astro-ph.GA},
       adsurl = {https://ui.adsabs.harvard.edu/abs/2016ApJ...816L...4S},
      adsnote = {Provided by the SAO/NASA Astrophysics Data System}
}

@ARTICLE{sesar2015,
       author = {{Sesar}, Branimir and {Bovy}, Jo and {Bernard}, Edouard J. and {Caldwell}, Nelson and {Cohen}, Judith G. and {Fouesneau}, Morgan and {Johnson}, Christian I. and {Ness}, Melissa and {Ferguson}, Annette M.~N. and {Martin}, Nicolas F. and {Price-Whelan}, Adrian M. and {Rix}, Hans-Walter and {Schlafly}, Edward F. and {Burgett}, William S. and {Chambers}, Kenneth C. and {Flewelling}, Heather and {Hodapp}, Klaus W. and {Kaiser}, Nick and {Magnier}, Eugene A. and {Platais}, Imants and {Tonry}, John L. and {Waters}, Christopher and {Wyse}, Rosemary F.~G.},
        title = "{The Nature and Orbit of the Ophiuchus Stream}",
      journal = {\apj},
     keywords = {Galaxy: halo, Galaxy: kinematics and dynamics, Galaxy: structure, globular clusters: general, Astrophysics - Astrophysics of Galaxies},
         year = 2015,
        month = aug,
       volume = {809},
       number = {1},
          eid = {59},
        pages = {59},
          doi = {10.1088/0004-637X/809/1/59},
archivePrefix = {arXiv},
       eprint = {1501.00581},
 primaryClass = {astro-ph.GA},
       adsurl = {https://ui.adsabs.harvard.edu/abs/2015ApJ...809...59S},
      adsnote = {Provided by the SAO/NASA Astrophysics Data System}
}

@ARTICLE{ibata2019b,
       author = {{Ibata}, Rodrigo A. and {Bellazzini}, Michele and {Malhan}, Khyati and {Martin}, Nicolas and {Bianchini}, Paolo},
        title = "{Identification of the long stellar stream of the prototypical massive globular cluster {\ensuremath{\omega}} Centauri}",
      journal = {Nature Astronomy},
     keywords = {Astrophysics - Astrophysics of Galaxies},
         year = 2019,
        month = apr,
       volume = {3},
        pages = {667-672},
          doi = {10.1038/s41550-019-0751-x},
archivePrefix = {arXiv},
       eprint = {1902.09544},
 primaryClass = {astro-ph.GA},
       adsurl = {https://ui.adsabs.harvard.edu/abs/2019NatAs...3..667I},
      adsnote = {Provided by the SAO/NASA Astrophysics Data System}
}

@ARTICLE{helmi1999,
       author = {{Helmi}, Amina and {White}, Simon D.~M. and {de Zeeuw}, P. Tim and {Zhao}, Hongsheng},
        title = "{Debris streams in the solar neighbourhood as relicts from the formation of the Milky Way}",
      journal = {\nat},
     keywords = {Astrophysics},
         year = 1999,
        month = nov,
       volume = {402},
       number = {6757},
        pages = {53-55},
          doi = {10.1038/46980},
archivePrefix = {arXiv},
       eprint = {astro-ph/9911041},
 primaryClass = {astro-ph},
       adsurl = {https://ui.adsabs.harvard.edu/abs/1999Natur.402...53H},
      adsnote = {Provided by the SAO/NASA Astrophysics Data System}
}

@ARTICLE{wan2020,
       author = {{Wan}, Zhen and {Lewis}, Geraint F. and {Li}, Ting S. and {Simpson}, Jeffrey D. and {Martell}, Sarah L. and {Zucker}, Daniel B. and {Mould}, Jeremy R. and {Erkal}, Denis and {Pace}, Andrew B. and {Mackey}, Dougal and {Ji}, Alexander P. and {Koposov}, Sergey E. and {Kuehn}, Kyler and {Shipp}, Nora and {Balbinot}, Eduardo and {Bland-Hawthorn}, Joss and {Casey}, Andrew R. and {Da Costa}, Gary S. and {Kafle}, Prajwal and {Sharma}, Sanjib and {De Silva}, Gayandhi M.},
        title = "{The tidal remnant of an unusually metal-poor globular cluster}",
      journal = {\nat},
     keywords = {Astrophysics - Astrophysics of Galaxies},
         year = 2020,
        month = jan,
       volume = {583},
       number = {7818},
        pages = {768-770},
          doi = {10.1038/s41586-020-2483-6},
archivePrefix = {arXiv},
       eprint = {2007.14577},
 primaryClass = {astro-ph.GA},
       adsurl = {https://ui.adsabs.harvard.edu/abs/2020Natur.583..768W},
      adsnote = {Provided by the SAO/NASA Astrophysics Data System}
}

@ARTICLE{deboer2020,
       author = {{de Boer}, T.~J.~L. and {Erkal}, D. and {Gieles}, M.},
        title = "{A closer look at the spur, blob, wiggle, and gaps in GD-1}",
      journal = {\mnras},
     keywords = {Hertzsprung-Russell and colour-magnitude diagrams, Galaxy: fundamental parameters, Galaxy: halo, Galaxy: kinematics and dynamics, Galaxy: structure, Astrophysics - Astrophysics of Galaxies},
         year = 2020,
        month = apr,
       volume = {494},
       number = {4},
        pages = {5315-5332},
          doi = {10.1093/mnras/staa917},
archivePrefix = {arXiv},
       eprint = {1911.05745},
 primaryClass = {astro-ph.GA},
       adsurl = {https://ui.adsabs.harvard.edu/abs/2020MNRAS.494.5315D},
      adsnote = {Provided by the SAO/NASA Astrophysics Data System}
}

@ARTICLE{dehnen2004,
       author = {{Dehnen}, Walter and {Odenkirchen}, Michael and {Grebel}, Eva K. and {Rix}, Hans-Walter},
        title = "{Modeling the Disruption of the Globular Cluster Palomar 5 by Galactic Tides}",
      journal = {\aj},
     keywords = {Galaxy: Halo, Galaxy: Globular Clusters: General, Galaxy: Globular Clusters: Individual: Name: Palomar 5, Methods: N-Body Simulations, Stellar Dynamics, Astrophysics},
         year = 2004,
        month = may,
       volume = {127},
       number = {5},
        pages = {2753-2770},
          doi = {10.1086/383214},
archivePrefix = {arXiv},
       eprint = {astro-ph/0401422},
 primaryClass = {astro-ph},
       adsurl = {https://ui.adsabs.harvard.edu/abs/2004AJ....127.2753D},
      adsnote = {Provided by the SAO/NASA Astrophysics Data System}
}

@ARTICLE{yuan2019,
       author = {{Yuan}, Zhen and {Smith}, M.~C. and {Xue}, Xiang-Xiang and {Li}, Jing and {Liu}, Chao and {Wang}, Yue and {Li}, Lu and {Chang}, Jiang},
        title = "{Revealing the Complicated Story of the Cetus Stream with StarGO}",
      journal = {\apj},
     keywords = {galaxies: formation, galaxies: halos, galaxies: kinematics and dynamics, methods: data analysis, Astrophysics - Astrophysics of Galaxies},
         year = 2019,
        month = aug,
       volume = {881},
       number = {2},
          eid = {164},
        pages = {164},
          doi = {10.3847/1538-4357/ab2e09},
archivePrefix = {arXiv},
       eprint = {1902.05248},
 primaryClass = {astro-ph.GA},
       adsurl = {https://ui.adsabs.harvard.edu/abs/2019ApJ...881..164Y},
      adsnote = {Provided by the SAO/NASA Astrophysics Data System}
}

@ARTICLE{newberg2009,
       author = {{Newberg}, Heidi Jo and {Yanny}, Brian and {Willett}, Benjamin A.},
        title = "{Discovery of a New, Polar-Orbiting Debris Stream in the Milky Way Stellar Halo}",
      journal = {\apjl},
     keywords = {Galaxy: halo, Galaxy: structure, stars: kinematics, Astrophysics - Galaxy Astrophysics},
         year = 2009,
        month = aug,
       volume = {700},
       number = {2},
        pages = {L61-L64},
          doi = {10.1088/0004-637X/700/2/L61},
archivePrefix = {arXiv},
       eprint = {0906.3291},
 primaryClass = {astro-ph.GA},
       adsurl = {https://ui.adsabs.harvard.edu/abs/2009ApJ...700L..61N},
      adsnote = {Provided by the SAO/NASA Astrophysics Data System}
}

@ARTICLE{chang2020,
       author = {{Chang}, Jiang and {Yuan}, Zhen and {Xue}, Xiang-Xiang and {Simion}, Iulia T. and {Kang}, Xi and {Li}, Ting S. and {Zhao}, Jing-Kun and {Zhao}, Gang},
        title = "{Is NGC 5824 the Core of the Progenitor of the Cetus Stream?}",
      journal = {arXiv e-prints},
     keywords = {Astrophysics - Astrophysics of Galaxies},
         year = 2020,
        month = mar,
          eid = {arXiv:2003.02378},
        pages = {arXiv:2003.02378},
archivePrefix = {arXiv},
       eprint = {2003.02378},
 primaryClass = {astro-ph.GA},
       adsurl = {https://ui.adsabs.harvard.edu/abs/2020arXiv200302378C},
      adsnote = {Provided by the SAO/NASA Astrophysics Data System}
}

@ARTICLE{sanderson2015,
       author = {{Sanderson}, Robyn E. and {Helmi}, Amina and {Hogg}, David W.},
        title = "{Action-space Clustering of Tidal Streams to Infer the Galactic Potential}",
      journal = {\apj},
     keywords = {astrometry, dark matter, Galaxy: halo, Galaxy: kinematics and dynamics, Galaxy: structure, Astrophysics - Astrophysics of Galaxies},
         year = 2015,
        month = mar,
       volume = {801},
       number = {2},
          eid = {98},
        pages = {98},
          doi = {10.1088/0004-637X/801/2/98},
archivePrefix = {arXiv},
       eprint = {1404.6534},
 primaryClass = {astro-ph.GA},
       adsurl = {https://ui.adsabs.harvard.edu/abs/2015ApJ...801...98S},
      adsnote = {Provided by the SAO/NASA Astrophysics Data System}
}

@ARTICLE{kruijssen2020,
       author = {{Kruijssen}, J.~M. Diederik and {Pfeffer}, Joel L. and {Chevance}, M{\'e}lanie and {Bonaca}, Ana and {Trujillo-Gomez}, Sebastian and {Bastian}, Nate and {Reina-Campos}, Marta and {Crain}, Robert A. and {Hughes}, Meghan E.},
        title = "{Kraken reveals itself - the merger history of the Milky Way reconstructed with the E-MOSAICS simulations}",
      journal = {\mnras},
     keywords = {Galaxy: formation, globular clusters: general, galaxies: evolution, galaxies: formation, galaxies: haloes, galaxies: star formation, Astrophysics - Astrophysics of Galaxies},
         year = 2020,
        month = aug,
       volume = {498},
       number = {2},
        pages = {2472-2491},
          doi = {10.1093/mnras/staa2452},
archivePrefix = {arXiv},
       eprint = {2003.01119},
 primaryClass = {astro-ph.GA},
       adsurl = {https://ui.adsabs.harvard.edu/abs/2020MNRAS.498.2472K},
      adsnote = {Provided by the SAO/NASA Astrophysics Data System}
}

@ARTICLE{gialluca2020,
       author = {{Gialluca}, Megan T. and {Naidu}, Rohan P. and {Bonaca}, Ana},
        title = "{Velocity Dispersion of the GD-1 Stellar Stream}",
      journal = {arXiv e-prints},
     keywords = {Astrophysics - Astrophysics of Galaxies, Astrophysics - Cosmology and Nongalactic Astrophysics},
         year = 2020,
        month = nov,
          eid = {arXiv:2011.12963},
        pages = {arXiv:2011.12963},
archivePrefix = {arXiv},
       eprint = {2011.12963},
 primaryClass = {astro-ph.GA},
       adsurl = {https://ui.adsabs.harvard.edu/abs/2020arXiv201112963G},
      adsnote = {Provided by the SAO/NASA Astrophysics Data System}
}

@ARTICLE{kuepper2015,
       author = {{K{\"u}pper}, Andreas H.~W. and {Balbinot}, Eduardo and {Bonaca}, Ana and {Johnston}, Kathryn V. and {Hogg}, David W. and {Kroupa}, Pavel and {Santiago}, Basilio X.},
        title = "{Globular Cluster Streams as Galactic High-Precision Scales{\textemdash}the Poster Child Palomar 5}",
      journal = {\apj},
     keywords = {dark matter, Galaxy: fundamental parameters, Galaxy: halo, Galaxy: kinematics and dynamics, Galaxy: structure, globular clusters: individual: Palomar 5, Astrophysics - Astrophysics of Galaxies, Astrophysics - Solar and Stellar Astrophysics},
         year = 2015,
        month = apr,
       volume = {803},
       number = {2},
          eid = {80},
        pages = {80},
          doi = {10.1088/0004-637X/803/2/80},
archivePrefix = {arXiv},
       eprint = {1502.02658},
 primaryClass = {astro-ph.GA},
       adsurl = {https://ui.adsabs.harvard.edu/abs/2015ApJ...803...80K},
      adsnote = {Provided by the SAO/NASA Astrophysics Data System}
}

@ARTICLE{bh2018,
       author = {{Bonaca}, Ana and {Hogg}, David W.},
        title = "{The Information Content in Cold Stellar Streams}",
      journal = {\apj},
     keywords = {dark matter, Galaxy: halo, Galaxy: kinematics and dynamics, methods: statistical, Astrophysics - Astrophysics of Galaxies},
         year = 2018,
        month = nov,
       volume = {867},
       number = {2},
          eid = {101},
        pages = {101},
          doi = {10.3847/1538-4357/aae4da},
archivePrefix = {arXiv},
       eprint = {1804.06854},
 primaryClass = {astro-ph.GA},
       adsurl = {https://ui.adsabs.harvard.edu/abs/2018ApJ...867..101B},
      adsnote = {Provided by the SAO/NASA Astrophysics Data System}
}





@ARTICLE{massari19,
       author = {{Massari}, D. and {Koppelman}, H.~H. and {Helmi}, A.},
        title = "{Origin of the system of globular clusters in the Milky Way}",
      journal = {\aap},
     keywords = {globular clusters: general, Galaxy: kinematics and dynamics, galaxies: dwarf, Galaxy: formation, Galaxy: evolution, Astrophysics - Astrophysics of Galaxies},
         year = 2019,
        month = oct,
       volume = {630},
          eid = {L4},
        pages = {L4},
          doi = {10.1051/0004-6361/201936135},
archivePrefix = {arXiv},
       eprint = {1906.08271},
 primaryClass = {astro-ph.GA},
       adsurl = {https://ui.adsabs.harvard.edu/abs/2019A&A...630L...4M},
      adsnote = {Provided by the SAO/NASA Astrophysics Data System}
}



@ARTICLE{Kruijssen20,
       author = {{Kruijssen}, J.~M. Diederik and {Pfeffer}, Joel L. and {Chevance}, M{\'e}lanie and {Bonaca}, Ana and {Trujillo-Gomez}, Sebastian and {Bastian}, Nate and {Reina-Campos}, Marta and {Crain}, Robert A. and {Hughes}, Meghan E.},
        title = "{Kraken reveals itself - the merger history of the Milky Way reconstructed with the E-MOSAICS simulations}",
      journal = {\mnras},
     keywords = {Galaxy: formation, globular clusters: general, galaxies: evolution, galaxies: formation, galaxies: haloes, galaxies: star formation, Astrophysics - Astrophysics of Galaxies},
         year = 2020,
        month = aug,
       volume = {498},
       number = {2},
        pages = {2472-2491},
          doi = {10.1093/mnras/staa2452},
archivePrefix = {arXiv},
       eprint = {2003.01119},
 primaryClass = {astro-ph.GA},
       adsurl = {https://ui.adsabs.harvard.edu/abs/2020MNRAS.498.2472K},
      adsnote = {Provided by the SAO/NASA Astrophysics Data System}
}

@ARTICLE{malhan2020,
       author = {{Malhan}, Khyati and {Valluri}, Monica and {Freese}, Katherine},
        title = "{Probing the nature of dark matter with accreted globular cluster streams}",
      journal = {\mnras},
     keywords = {dark matter, Galaxy: halo, stars: kinematics and dynamics, globular clusters, Astrophysics - Astrophysics of Galaxies},
         year = 2020,
        month = nov,
          doi = {10.1093/mnras/staa3597},
archivePrefix = {arXiv},
       eprint = {2005.12919},
 primaryClass = {astro-ph.GA},
       adsurl = {https://ui.adsabs.harvard.edu/abs/2020MNRAS.tmp.3382M},
      adsnote = {Provided by the SAO/NASA Astrophysics Data System}
}

@ARTICLE{pearson2017,
       author = {{Pearson}, Sarah and {Price-Whelan}, Adrian M. and {Johnston}, Kathryn V.},
        title = "{Gaps and length asymmetry in the stellar stream Palomar 5 as effects of Galactic bar rotation}",
      journal = {Nature Astronomy},
     keywords = {Astrophysics - Astrophysics of Galaxies},
         year = 2017,
        month = aug,
       volume = {1},
        pages = {633-639},
          doi = {10.1038/s41550-017-0220-3},
archivePrefix = {arXiv},
       eprint = {1703.04627},
 primaryClass = {astro-ph.GA},
       adsurl = {https://ui.adsabs.harvard.edu/abs/2017NatAs...1..633P},
      adsnote = {Provided by the SAO/NASA Astrophysics Data System}
}

@ARTICLE{gaiaedr3,
       author = {{Gaia Collaboration} and {Brown}, A.~G.~A. and {Vallenari}, A. and {Prusti}, T. and {de Bruijne}, J.~H.~J. and {Babusiaux}, C. and {Biermann}, M.},
        title = "{Gaia Early Data Release 3: Summary of the contents and survey properties}",
      journal = {arXiv e-prints},
     keywords = {Astrophysics - Astrophysics of Galaxies},
         year = 2020,
        month = dec,
          eid = {arXiv:2012.01533},
        pages = {arXiv:2012.01533},
archivePrefix = {arXiv},
       eprint = {2012.01533},
 primaryClass = {astro-ph.GA},
       adsurl = {https://ui.adsabs.harvard.edu/abs/2020arXiv201201533G},
      adsnote = {Provided by the SAO/NASA Astrophysics Data System}
}

@ARTICLE{mateu2018,
       author = {{Mateu}, Cecilia and {Read}, Justin I. and {Kawata}, Daisuke},
        title = "{Fourteen candidate RR Lyrae star streams in the inner Galaxy}",
      journal = {\mnras},
     keywords = {methods: data analysis, astronomical data bases: miscellaneous, stars: variables: RR Lyrae, Galaxy:halo, Galaxy: structure, Astrophysics - Astrophysics of Galaxies},
         year = 2018,
        month = mar,
       volume = {474},
       number = {3},
        pages = {4112-4129},
          doi = {10.1093/mnras/stx2937},
archivePrefix = {arXiv},
       eprint = {1711.03967},
 primaryClass = {astro-ph.GA},
       adsurl = {https://ui.adsabs.harvard.edu/abs/2018MNRAS.474.4112M},
      adsnote = {Provided by the SAO/NASA Astrophysics Data System}
}

@ARTICLE{rockosi2002,
       author = {{Rockosi}, Constance M. and {Odenkirchen}, Michael and {Grebel}, Eva K. and {Dehnen}, Walter and {Cudworth}, Kyle M. and {Gunn}, James E. and {York}, Donald G. and {Brinkmann}, J. and {Hennessy}, G.~S. and {Ivezi{\'c}}, {\v{Z}}eljko},
        title = "{A Matched-Filter Analysis of the Tidal Tails of the Globular Cluster Palomar 5}",
      journal = {\aj},
     keywords = {Galaxy: Halo, Galaxy: Kinematics and Dynamics, Galaxy: Structure, Galaxy: Globular Clusters: Individual: Name: Palomar 5},
         year = 2002,
        month = jul,
       volume = {124},
       number = {1},
        pages = {349-363},
          doi = {10.1086/340957},
       adsurl = {https://ui.adsabs.harvard.edu/abs/2002AJ....124..349R},
      adsnote = {Provided by the SAO/NASA Astrophysics Data System}
}

@ARTICLE{grillmair2006b,
       author = {{Grillmair}, C.~J. and {Johnson}, R.},
        title = "{The Detection of a 45{\textdegree} Tidal Stream Associated with the Globular Cluster NGC 5466}",
      journal = {\apjl},
     keywords = {Galaxy: Halo, Galaxy: Structure, Galaxy: Globular Clusters: General, Galaxy: Globular Clusters: Individual: NGC Number: NGC 5272, Galaxy: Globular Clusters: Individual: NGC Number: NGC 5466, Astrophysics},
         year = 2006,
        month = mar,
       volume = {639},
       number = {1},
        pages = {L17-L20},
          doi = {10.1086/501439},
archivePrefix = {arXiv},
       eprint = {astro-ph/0602602},
 primaryClass = {astro-ph},
       adsurl = {https://ui.adsabs.harvard.edu/abs/2006ApJ...639L..17G},
      adsnote = {Provided by the SAO/NASA Astrophysics Data System}
}

@ARTICLE{herbert-fort2008,
       author = {{Herbert-Fort}, St{\'e}phane and {Zaritsky}, Dennis and {Jin Kim}, Yeun and {Bailin}, Jeremy and {Taylor}, James E.},
        title = "{The orbital distribution of satellite galaxies}",
      journal = {\mnras},
     keywords = {galaxies: evolution, galaxies: haloes, galaxies: structure, dark matter, Astrophysics},
         year = 2008,
        month = feb,
       volume = {384},
       number = {2},
        pages = {803-813},
          doi = {10.1111/j.1365-2966.2007.12756.x},
archivePrefix = {arXiv},
       eprint = {0711.4123},
 primaryClass = {astro-ph},
       adsurl = {https://ui.adsabs.harvard.edu/abs/2008MNRAS.384..803H},
      adsnote = {Provided by the SAO/NASA Astrophysics Data System}
}

@ARTICLE{velazquez1999,
       author = {{Velazquez}, Hector and {White}, Simon D.~M.},
        title = "{Sinking satellites and the heating of galaxy discs}",
      journal = {\mnras},
     keywords = {METHODS: NUMERICAL, GALAXIES: EVOLUTION, GALAXIES: KINEMATICS AND DYNAMICS, GALAXIES: SPIRAL, GALAXIES: STRUCTURE, Astrophysics},
         year = 1999,
        month = apr,
       volume = {304},
       number = {2},
        pages = {254-270},
          doi = {10.1046/j.1365-8711.1999.02354.x},
archivePrefix = {arXiv},
       eprint = {astro-ph/9809412},
 primaryClass = {astro-ph},
       adsurl = {https://ui.adsabs.harvard.edu/abs/1999MNRAS.304..254V},
      adsnote = {Provided by the SAO/NASA Astrophysics Data System}
}

@ARTICLE{bernard2014,
       author = {{Bernard}, E.~J. and {Ferguson}, A.~M.~N. and {Schlafly}, E.~F. and {Abbas}, M. and {Bell}, E.~F. and {Deacon}, N.~R. and {Martin}, N.~F. and {Rix}, H. -W. and {Sesar}, B. and {Slater}, C.~T. and {Penarrubia}, J. and {Wyse}, R.~F.~G. and {Burgett}, W.~S. and {Chambers}, K.~C. and {Draper}, P.~W. and {Hodapp}, K.~W. and {Kaiser}, N. and {Kudritzki}, R. -P. and {Magnier}, E.~A. and {Metcalfe}, N. and {Morgan}, J.~S. and {Price}, P.~A. and {Tonry}, J.~L. and {Wainscoat}, R.~J. and {Waters}, C.},
        title = "{Serendipitous discovery of a thin stellar stream near the Galactic bulge in the Pan-STARRS1 3{\ensuremath{\pi}} Survey.}",
      journal = {\mnras},
     keywords = {surveys, globular clusters: general, Galaxy: halo, Galaxy: structure, Astrophysics - Astrophysics of Galaxies},
         year = 2014,
        month = sep,
       volume = {443},
        pages = {L84-L88},
          doi = {10.1093/mnrasl/slu089},
archivePrefix = {arXiv},
       eprint = {1405.6645},
 primaryClass = {astro-ph.GA},
       adsurl = {https://ui.adsabs.harvard.edu/abs/2014MNRAS.443L..84B},
      adsnote = {Provided by the SAO/NASA Astrophysics Data System}
}

@ARTICLE{palau2019,
       author = {{Palau}, Carles G. and {Miralda-Escud{\'e}}, Jordi},
        title = "{Statistical detection of a tidal stream associated with the globular cluster M68 using Gaia data}",
      journal = {\mnras},
     keywords = {globular clusters: individual: M68, Galaxy: halo, Galaxy: kinematics and dynamics, Galaxy: structure, Astrophysics - Astrophysics of Galaxies},
         year = 2019,
        month = sep,
       volume = {488},
       number = {2},
        pages = {1535-1557},
          doi = {10.1093/mnras/stz1790},
archivePrefix = {arXiv},
       eprint = {1905.01193},
 primaryClass = {astro-ph.GA},
       adsurl = {https://ui.adsabs.harvard.edu/abs/2019MNRAS.488.1535P},
      adsnote = {Provided by the SAO/NASA Astrophysics Data System}
}

@ARTICLE{dey2019,
       author = {{Dey}, Arjun and {Schlegel}, David J. and {Lang}, Dustin and {Blum}, Robert and {Burleigh}, Kaylan and {Fan}, Xiaohui and {Findlay}, Joseph R. and {Finkbeiner}, Doug and {Herrera}, David and {Juneau}, St{\'e}phanie and {Landriau}, Martin and {Levi}, Michael and {McGreer}, Ian and {Meisner}, Aaron and {Myers}, Adam D. and {Moustakas}, John and {Nugent}, Peter and {Patej}, Anna and {Schlafly}, Edward F. and {Walker}, Alistair R. and {Valdes}, Francisco and {Weaver}, Benjamin A. and {Y{\`e}che}, Christophe and {Zou}, Hu and {Zhou}, Xu and {Abareshi}, Behzad and {Abbott}, T.~M.~C. and {Abolfathi}, Bela and {Aguilera}, C. and {Alam}, Shadab and {Allen}, Lori and {Alvarez}, A. and {Annis}, James and {Ansarinejad}, Behzad and {Aubert}, Marie and {Beechert}, Jacqueline and {Bell}, Eric F. and {BenZvi}, Segev Y. and {Beutler}, Florian and {Bielby}, Richard M. and {Bolton}, Adam S. and {Brice{\~n}o}, C{\'e}sar and {Buckley-Geer}, Elizabeth J. and {Butler}, Karen and {Calamida}, Annalisa and {Carlberg}, Raymond G. and {Carter}, Paul and {Casas}, Ricard and {Castander}, Francisco J. and {Choi}, Yumi and {Comparat}, Johan and {Cukanovaite}, Elena and {Delubac}, Timoth{\'e}e and {DeVries}, Kaitlin and {Dey}, Sharmila and {Dhungana}, Govinda and {Dickinson}, Mark and {Ding}, Zhejie and {Donaldson}, John B. and {Duan}, Yutong and {Duckworth}, Christopher J. and {Eftekharzadeh}, Sarah and {Eisenstein}, Daniel J. and {Etourneau}, Thomas and {Fagrelius}, Parker A. and {Farihi}, Jay and {Fitzpatrick}, Mike and {Font-Ribera}, Andreu and {Fulmer}, Leah and {G{\"a}nsicke}, Boris T. and {Gaztanaga}, Enrique and {George}, Koshy and {Gerdes}, David W. and {Gontcho}, Satya Gontcho A. and {Gorgoni}, Claudio and {Green}, Gregory and {Guy}, Julien and {Harmer}, Diane and {Hernandez}, M. and {Honscheid}, Klaus and {Huang}, Lijuan Wendy and {James}, David J. and {Jannuzi}, Buell T. and {Jiang}, Linhua and {Joyce}, Richard and {Karcher}, Armin and {Karkar}, Sonia and {Kehoe}, Robert and {Kneib}, Jean-Paul and {Kueter-Young}, Andrea and {Lan}, Ting-Wen and {Lauer}, Tod R. and {Le Guillou}, Laurent and {Le Van Suu}, Auguste and {Lee}, Jae Hyeon and {Lesser}, Michael and {Perreault Levasseur}, Laurence and {Li}, Ting S. and {Mann}, Justin L. and {Marshall}, Robert and {Mart{\'\i}nez-V{\'a}zquez}, C.~E. and {Martini}, Paul and {du Mas des Bourboux}, H{\'e}lion and {McManus}, Sean and {Meier}, Tobias Gabriel and {M{\'e}nard}, Brice and {Metcalfe}, Nigel and {Mu{\~n}oz-Guti{\'e}rrez}, Andrea and {Najita}, Joan and {Napier}, Kevin and {Narayan}, Gautham and {Newman}, Jeffrey A. and {Nie}, Jundan and {Nord}, Brian and {Norman}, Dara J. and {Olsen}, Knut A.~G. and {Paat}, Anthony and {Palanque-Delabrouille}, Nathalie and {Peng}, Xiyan and {Poppett}, Claire L. and {Poremba}, Megan R. and {Prakash}, Abhishek and {Rabinowitz}, David and {Raichoor}, Anand and {Rezaie}, Mehdi and {Robertson}, A.~N. and {Roe}, Natalie A. and {Ross}, Ashley J. and {Ross}, Nicholas P. and {Rudnick}, Gregory and {Safonova}, Sasha and {Saha}, Abhijit and {S{\'a}nchez}, F. Javier and {Savary}, Elodie and {Schweiker}, Heidi and {Scott}, Adam and {Seo}, Hee-Jong and {Shan}, Huanyuan and {Silva}, David R. and {Slepian}, Zachary and {Soto}, Christian and {Sprayberry}, David and {Staten}, Ryan and {Stillman}, Coley M. and {Stupak}, Robert J. and {Summers}, David L. and {Sien Tie}, Suk and {Tirado}, H. and {Vargas-Maga{\~n}a}, Mariana and {Vivas}, A. Katherina and {Wechsler}, Risa H. and {Williams}, Doug and {Yang}, Jinyi and {Yang}, Qian and {Yapici}, Tolga and {Zaritsky}, Dennis and {Zenteno}, A. and {Zhang}, Kai and {Zhang}, Tianmeng and {Zhou}, Rongpu and {Zhou}, Zhimin},
        title = "{Overview of the DESI Legacy Imaging Surveys}",
      journal = {\aj},
     keywords = {catalogs, surveys, Astrophysics - Instrumentation and Methods for Astrophysics},
         year = 2019,
        month = may,
       volume = {157},
       number = {5},
          eid = {168},
        pages = {168},
          doi = {10.3847/1538-3881/ab089d},
archivePrefix = {arXiv},
       eprint = {1804.08657},
 primaryClass = {astro-ph.IM},
       adsurl = {https://ui.adsabs.harvard.edu/abs/2019AJ....157..168D},
      adsnote = {Provided by the SAO/NASA Astrophysics Data System}
}

@ARTICLE{bonaca2020c,
       author = {{Bonaca}, Ana and {Conroy}, Charlie and {Cargile}, Phillip A. and {Naidu}, Rohan P. and {Johnson}, Benjamin D. and {Zaritsky}, Dennis and {Ting}, Yuan-Sen and {Caldwell}, Nelson and {Han}, Jiwon Jesse and {van Dokkum}, Pieter},
        title = "{Timing the Early Assembly of the Milky Way with the H3 Survey}",
      journal = {\apjl},
     keywords = {1060, 1051, 594, 80, 580, 595, 1558, 1581, 1054, Astrophysics - Astrophysics of Galaxies},
         year = 2020,
        month = jul,
       volume = {897},
       number = {1},
          eid = {L18},
        pages = {L18},
          doi = {10.3847/2041-8213/ab9caa},
archivePrefix = {arXiv},
       eprint = {2004.11384},
 primaryClass = {astro-ph.GA},
       adsurl = {https://ui.adsabs.harvard.edu/abs/2020ApJ...897L..18B},
      adsnote = {Provided by the SAO/NASA Astrophysics Data System}
}

@ARTICLE{sanders2013,
       author = {{Sanders}, Jason L. and {Binney}, James},
        title = "{Stream-orbit misalignment - I. The dangers of orbit-fitting}",
      journal = {\mnras},
     keywords = {Galaxy: halo, Galaxy: kinematics and dynamics, Galaxy: structure, galaxies: kinematics and dynamics, Astrophysics - Astrophysics of Galaxies},
         year = 2013,
        month = aug,
       volume = {433},
       number = {3},
        pages = {1813-1825},
          doi = {10.1093/mnras/stt806},
archivePrefix = {arXiv},
       eprint = {1305.1935},
 primaryClass = {astro-ph.GA},
       adsurl = {https://ui.adsabs.harvard.edu/abs/2013MNRAS.433.1813S},
      adsnote = {Provided by the SAO/NASA Astrophysics Data System}
}

@ARTICLE{garrow2020,
       author = {{Garrow}, Turner and {Webb}, Jeremy J. and {Bovy}, Jo},
        title = "{The effects of dwarf galaxies on the orbital evolution of galactic globular clusters}",
      journal = {\mnras},
     keywords = {Galaxy: globular clusters: general, Galaxy: kinematics and dynamics, Galaxy: structure, galaxies: dwarf, Astrophysics - Astrophysics of Galaxies},
         year = 2020,
        month = sep,
       volume = {499},
       number = {1},
        pages = {804-813},
          doi = {10.1093/mnras/staa2773},
archivePrefix = {arXiv},
       eprint = {2007.13752},
 primaryClass = {astro-ph.GA},
       adsurl = {https://ui.adsabs.harvard.edu/abs/2020MNRAS.499..804G},
      adsnote = {Provided by the SAO/NASA Astrophysics Data System}
}

@ARTICLE{ibata2021,
       author = {{Ibata}, Rodrigo and {Malhan}, Khyati and {Martin}, Nicolas and {Aubert}, Dominique and {Famaey}, Benoit and {Bianchini}, Paolo and {Monari}, Giacomo and {Siebert}, Arnaud and {Thomas}, Guillaume F. and {Bellazzini}, Michele and {Bonifacio}, Piercarlo and {Caffau}, Elisabetta and {Renaud}, Florent},
        title = "{Charting the Galactic acceleration field I. A search for stellar streams with Gaia DR2 and EDR3 with follow-up from ESPaDOnS and UVES}",
      journal = {arXiv e-prints},
     keywords = {Astrophysics - Astrophysics of Galaxies},
         year = 2020,
        month = dec,
          eid = {arXiv:2012.05245},
        pages = {arXiv:2012.05245},
archivePrefix = {arXiv},
       eprint = {2012.05245},
 primaryClass = {astro-ph.GA},
       adsurl = {https://ui.adsabs.harvard.edu/abs/2020arXiv201205245I},
      adsnote = {Provided by the SAO/NASA Astrophysics Data System}
}

@ARTICLE{massari2019,
       author = {{Massari}, D. and {Koppelman}, H.~H. and {Helmi}, A.},
        title = "{Origin of the system of globular clusters in the Milky Way}",
      journal = {\aap},
     keywords = {globular clusters: general, Galaxy: kinematics and dynamics, galaxies: dwarf, Galaxy: formation, Galaxy: evolution, Astrophysics - Astrophysics of Galaxies},
         year = 2019,
        month = oct,
       volume = {630},
          eid = {L4},
        pages = {L4},
          doi = {10.1051/0004-6361/201936135},
archivePrefix = {arXiv},
       eprint = {1906.08271},
 primaryClass = {astro-ph.GA},
       adsurl = {https://ui.adsabs.harvard.edu/abs/2019A&A...630L...4M},
      adsnote = {Provided by the SAO/NASA Astrophysics Data System}
}

@ARTICLE{laporte2019,
       author = {{Laporte}, Chervin F.~P. and {Minchev}, Ivan and {Johnston}, Kathryn V. and {G{\'o}mez}, Facundo A.},
        title = "{Footprints of the Sagittarius dwarf galaxy in the Gaia data set}",
      journal = {\mnras},
     keywords = {Galaxy: disc, Galaxy: evolution, Galaxy: formation, Galaxy: halo, Galaxy: kinematics and dynamics, Galaxy: structure, Astrophysics - Astrophysics of Galaxies},
         year = 2019,
        month = may,
       volume = {485},
       number = {3},
        pages = {3134-3152},
          doi = {10.1093/mnras/stz583},
archivePrefix = {arXiv},
       eprint = {1808.00451},
 primaryClass = {astro-ph.GA},
       adsurl = {https://ui.adsabs.harvard.edu/abs/2019MNRAS.485.3134L},
      adsnote = {Provided by the SAO/NASA Astrophysics Data System}
}

@ARTICLE{harris2013,
       author = {{Harris}, William E. and {Harris}, Gretchen L.~H. and {Alessi}, Matthew},
        title = "{A Catalog of Globular Cluster Systems: What Determines the Size of a Galaxy's Globular Cluster Population?}",
      journal = {\apj},
     keywords = {galaxies: general, galaxies: star clusters: general, globular clusters: general, Astrophysics - Astrophysics of Galaxies, Astrophysics - Cosmology and Nongalactic Astrophysics},
         year = 2013,
        month = aug,
       volume = {772},
       number = {2},
          eid = {82},
        pages = {82},
          doi = {10.1088/0004-637X/772/2/82},
archivePrefix = {arXiv},
       eprint = {1306.2247},
 primaryClass = {astro-ph.GA},
       adsurl = {https://ui.adsabs.harvard.edu/abs/2013ApJ...772...82H},
      adsnote = {Provided by the SAO/NASA Astrophysics Data System}
}

@ARTICLE{reino2020,
       author = {{Reino}, Stella and {Rossi}, Elena M. and {Sanderson}, Robyn E. and {Sellentin}, Elena and {Helmi}, Amina and {Koppelman}, Helmer H. and {Sharma}, Sanjib},
        title = "{Galactic potential constraints from clustering in action space of combined stellar stream data}",
      journal = {arXiv e-prints},
     keywords = {Astrophysics - Astrophysics of Galaxies},
         year = 2020,
        month = jul,
          eid = {arXiv:2007.00356},
        pages = {arXiv:2007.00356},
archivePrefix = {arXiv},
       eprint = {2007.00356},
 primaryClass = {astro-ph.GA},
       adsurl = {https://ui.adsabs.harvard.edu/abs/2020arXiv200700356R},
      adsnote = {Provided by the SAO/NASA Astrophysics Data System}
}

@ARTICLE{white1978,
       author = {{White}, S.~D.~M.},
        title = "{Simulations of merging galaxies.}",
      journal = {\mnras},
     keywords = {Astronomical Models, Computerized Simulation, Galactic Evolution, Many Body Problem, Energy Distribution, Merging Routines, Relaxation (Mechanics), Tides, Astronomy, Interacting Galaxies:Models, Pairs of Galaxies: Models},
         year = 1978,
        month = jul,
       volume = {184},
        pages = {185-203},
          doi = {10.1093/mnras/184.2.185},
       adsurl = {https://ui.adsabs.harvard.edu/abs/1978MNRAS.184..185W},
      adsnote = {Provided by the SAO/NASA Astrophysics Data System}
}

@BOOK{chandrasekhar1942,
       author = {{Chandrasekhar}, Subrahmanyan},
        title = "{Principles of stellar dynamics}",
         year = 1942,
       adsurl = {https://ui.adsabs.harvard.edu/abs/1942psd..book.....C},
      adsnote = {Provided by the SAO/NASA Astrophysics Data System}
}

@ARTICLE{lancaster2020,
       author = {{Lancaster}, Lachlan and {Giovanetti}, Cara and {Mocz}, Philip and {Kahn}, Yonatan and {Lisanti}, Mariangela and {Spergel}, David N.},
        title = "{Dynamical friction in a Fuzzy Dark Matter universe}",
      journal = {\jcap},
     keywords = {Astrophysics - Cosmology and Nongalactic Astrophysics, Astrophysics - Astrophysics of Galaxies},
         year = 2020,
        month = jan,
       volume = {2020},
       number = {1},
          eid = {001},
        pages = {001},
          doi = {10.1088/1475-7516/2020/01/001},
archivePrefix = {arXiv},
       eprint = {1909.06381},
 primaryClass = {astro-ph.CO},
       adsurl = {https://ui.adsabs.harvard.edu/abs/2020JCAP...01..001L},
      adsnote = {Provided by the SAO/NASA Astrophysics Data System}
}

@ARTICLE{kuepper2008,
       author = {{K{\"u}pper}, Andreas H.~W. and {MacLeod}, Andrew and {Heggie}, Douglas C.},
        title = "{On the structure of tidal tails}",
      journal = {\mnras},
     keywords = {methods: analytical, methods: N-body simulations, galaxies: kinematics and dynamics, galaxies: star clusters, Astrophysics},
         year = 2008,
        month = jul,
       volume = {387},
       number = {3},
        pages = {1248-1252},
          doi = {10.1111/j.1365-2966.2008.13323.x},
archivePrefix = {arXiv},
       eprint = {0804.2476},
 primaryClass = {astro-ph},
       adsurl = {https://ui.adsabs.harvard.edu/abs/2008MNRAS.387.1248K},
      adsnote = {Provided by the SAO/NASA Astrophysics Data System}
}

@ARTICLE{just2009,
       author = {{Just}, A. and {Berczik}, P. and {Petrov}, M.~I. and {Ernst}, A.},
        title = "{Quantitative analysis of clumps in the tidal tails of star clusters}",
      journal = {\mnras},
     keywords = {Galaxy: evolution, Galaxy: kinematics and dynamics, open clusters and associations: general, Galaxy: stellar content, Astrophysics},
         year = 2009,
        month = jan,
       volume = {392},
       number = {3},
        pages = {969-981},
          doi = {10.1111/j.1365-2966.2008.14099.x},
archivePrefix = {arXiv},
       eprint = {0808.3293},
 primaryClass = {astro-ph},
       adsurl = {https://ui.adsabs.harvard.edu/abs/2009MNRAS.392..969J},
      adsnote = {Provided by the SAO/NASA Astrophysics Data System}
}

@ARTICLE{myeong2019,
       author = {{Myeong}, G.~C. and {Vasiliev}, E. and {Iorio}, G. and {Evans}, N.~W. and {Belokurov}, V.},
        title = "{Evidence for two early accretion events that built the Milky Way stellar halo}",
      journal = {\mnras},
     keywords = {Galaxy: formation, Galaxy: halo, Galaxy: kinematics and dynamics, Galaxy: stellar content, Astrophysics - Astrophysics of Galaxies, Astrophysics - Solar and Stellar Astrophysics},
         year = 2019,
        month = sep,
       volume = {488},
       number = {1},
        pages = {1235-1247},
          doi = {10.1093/mnras/stz1770},
archivePrefix = {arXiv},
       eprint = {1904.03185},
 primaryClass = {astro-ph.GA},
       adsurl = {https://ui.adsabs.harvard.edu/abs/2019MNRAS.488.1235M},
      adsnote = {Provided by the SAO/NASA Astrophysics Data System}
}

@ARTICLE{li2019,
       author = {{Li}, T.~S. and {Koposov}, S.~E. and {Zucker}, D.~B. and {Lewis}, G.~F. and {Kuehn}, K. and {Simpson}, J.~D. and {Ji}, A.~P. and {Shipp}, N. and {Mao}, Y. -Y. and {Geha}, M. and {Pace}, A.~B. and {Mackey}, A.~D. and {Allam}, S. and {Tucker}, D.~L. and {Da Costa}, G.~S. and {Erkal}, D. and {Simon}, J.~D. and {Mould}, J.~R. and {Martell}, S.~L. and {Wan}, Z. and {De Silva}, G.~M. and {Bechtol}, K. and {Balbinot}, E. and {Belokurov}, V. and {Bland-Hawthorn}, J. and {Casey}, A.~R. and {Cullinane}, L. and {Drlica-Wagner}, A. and {Sharma}, S. and {Vivas}, A.~K. and {Wechsler}, R.~H. and {Yanny}, B. and {S5 Collaboration}},
        title = "{The southern stellar stream spectroscopic survey (S$^{5}$): Overview, target selection, data reduction, validation, and early science}",
      journal = {\mnras},
     keywords = {globular clusters: general, galaxy: halo, galaxy: kinematics and dynamics, galaxies: dwarf, Astrophysics - Astrophysics of Galaxies},
         year = 2019,
        month = dec,
       volume = {490},
       number = {3},
        pages = {3508-3531},
          doi = {10.1093/mnras/stz2731},
archivePrefix = {arXiv},
       eprint = {1907.09481},
 primaryClass = {astro-ph.GA},
       adsurl = {https://ui.adsabs.harvard.edu/abs/2019MNRAS.490.3508L},
      adsnote = {Provided by the SAO/NASA Astrophysics Data System}
}

@ARTICLE{kuepper2017,
       author = {{K{\"u}pper}, Andreas H.~W. and {Johnston}, Kathryn V. and {Mieske}, Steffen and {Collins}, Michelle L.~M. and {Tollerud}, Erik J.},
        title = "{Exploding Satellites{\textemdash}The Tidal Debris of the Ultra-faint Dwarf Galaxy Hercules}",
      journal = {\apj},
     keywords = {dark matter, galaxies: dwarf, galaxies: individual: Hercules, Galaxy: halo, Galaxy: kinematics and dynamics, Astrophysics - Astrophysics of Galaxies, Astrophysics - Solar and Stellar Astrophysics},
         year = 2017,
        month = jan,
       volume = {834},
       number = {2},
          eid = {112},
        pages = {112},
          doi = {10.3847/1538-4357/834/2/112},
archivePrefix = {arXiv},
       eprint = {1608.05085},
 primaryClass = {astro-ph.GA},
       adsurl = {https://ui.adsabs.harvard.edu/abs/2017ApJ...834..112K},
      adsnote = {Provided by the SAO/NASA Astrophysics Data System}
}

@ARTICLE{grillmair2009,
       author = {{Grillmair}, C.~J.},
        title = "{Four New Stellar Debris Streams in the Galactic Halo}",
      journal = {\apj},
     keywords = {Galaxy: halo, Galaxy: structure, globular clusters: general, Astrophysics},
         year = 2009,
        month = mar,
       volume = {693},
       number = {2},
        pages = {1118-1127},
          doi = {10.1088/0004-637X/693/2/1118},
archivePrefix = {arXiv},
       eprint = {0811.3965},
 primaryClass = {astro-ph},
       adsurl = {https://ui.adsabs.harvard.edu/abs/2009ApJ...693.1118G},
      adsnote = {Provided by the SAO/NASA Astrophysics Data System}
}

@ARTICLE{grillmair2017,
       author = {{Grillmair}, Carl J.},
        title = "{At a Crossroads: Stellar Streams in the South Galactic Cap}",
      journal = {\apj},
     keywords = {Galaxy: halo, Galaxy: stellar content, Galaxy: structure, globular clusters: general, Astrophysics - Astrophysics of Galaxies},
         year = 2017,
        month = oct,
       volume = {847},
       number = {2},
          eid = {119},
        pages = {119},
          doi = {10.3847/1538-4357/aa8872},
archivePrefix = {arXiv},
       eprint = {1708.09029},
 primaryClass = {astro-ph.GA},
       adsurl = {https://ui.adsabs.harvard.edu/abs/2017ApJ...847..119G},
      adsnote = {Provided by the SAO/NASA Astrophysics Data System}
}

@ARTICLE{hendel2015,
       author = {{Hendel}, David and {Johnston}, Kathryn V.},
        title = "{Tidal debris morphology and the orbits of satellite galaxies}",
      journal = {\mnras},
     keywords = {galaxies: haloes, galaxies: kinematics and dynamics, galaxies: statistics, dark matter, Astrophysics - Astrophysics of Galaxies},
         year = 2015,
        month = dec,
       volume = {454},
       number = {3},
        pages = {2472-2485},
          doi = {10.1093/mnras/stv2035},
archivePrefix = {arXiv},
       eprint = {1509.06369},
 primaryClass = {astro-ph.GA},
       adsurl = {https://ui.adsabs.harvard.edu/abs/2015MNRAS.454.2472H},
      adsnote = {Provided by the SAO/NASA Astrophysics Data System}
}

@ARTICLE{bonaca2012,
       author = {{Bonaca}, Ana and {Geha}, Marla and {Kallivayalil}, Nitya},
        title = "{A Cold Milky Way Stellar Stream in the Direction of Triangulum}",
      journal = {\apjl},
     keywords = {Galaxy: halo, Galaxy: structure, Astrophysics - Astrophysics of Galaxies},
         year = 2012,
        month = nov,
       volume = {760},
       number = {1},
          eid = {L6},
        pages = {L6},
          doi = {10.1088/2041-8205/760/1/L6},
archivePrefix = {arXiv},
       eprint = {1209.5391},
 primaryClass = {astro-ph.GA},
       adsurl = {https://ui.adsabs.harvard.edu/abs/2012ApJ...760L...6B},
      adsnote = {Provided by the SAO/NASA Astrophysics Data System}
}



